ts_recv,ts_event,rtype,publisher_id,instrument_id,action,side,depth,price,size,flags,ts_in_delta,sequence,symbol
2026-05-03T22:00:00.068103278Z,2026-05-03T22:00:00.000000000Z,0,1,42005163,T,N,0,7275.250000000,424,0,26229,17254,MESM6
2026-05-03T22:00:00.082193308Z,2026-05-03T22:00:00.000000000Z,0,1,42012050,T,N,0,55.300000000,1,0,14420,17257,MESM6-MESU6
2026-05-03T22:00:00.082696974Z,2026-05-03T22:00:00.000000000Z,0,1,42003239,T,N,0,7320.000000000,1,0,12488,17258,MESU6
2026-05-03T22:00:00.104303777Z,2026-05-03T22:00:00.042466659Z,0,1,42005163,T,A,0,7275.000000000,1,0,11036,17550,MESM6
2026-05-03T22:00:00.104406011Z,2026-05-03T22:00:00.042941779Z,0,1,42005163,T,B,0,7275.750000000,1,0,10730,17552,MESM6
2026-05-03T22:00:00.105177542Z,2026-05-03T22:00:00.074246875Z,0,1,42005163,T,A,0,7275.000000000,3,0,12250,17589,MESM6
2026-05-03T22:00:00.105284481Z,2026-05-03T22:00:00.074359229Z,0,1,42005163,T,A,0,7275.000000000,3,0,12450,17592,MESM6
2026-05-03T22:00:00.106479043Z,2026-05-03T22:00:00.091203307Z,0,1,42005163,T,B,0,7275.750000000,5,0,12827,17628,MESM6
2026-05-03T22:00:00.106479043Z,2026-05-03T22:00:00.091203307Z,0,1,42005163,T,B,0,7276.000000000,22,0,12827,17628,MESM6
2026-05-03T22:00:00.112627751Z,2026-05-03T22:00:00.102465749Z,0,1,42005163,T,B,0,7276.750000000,7,0,13910,17686,MESM6
2026-05-03T22:00:00.112627751Z,2026-05-03T22:00:00.102465749Z,0,1,42005163,T,B,0,7277.000000000,3,0,13910,17686,MESM6
2026-05-03T22:00:00.112676729Z,2026-05-03T22:00:00.102465749Z,0,1,42005163,T,B,0,7277.000000000,1,0,10830,17687,MESM6
2026-05-03T22:00:00.112705124Z,2026-05-03T22:00:00.102465749Z,0,1,42005163,T,B,0,7277.000000000,1,0,10750,17688,MESM6
2026-05-03T22:00:00.112738089Z,2026-05-03T22:00:00.102465749Z,0,1,42005163,T,B,0,7277.000000000,1,0,12462,17689,MESM6
2026-05-03T22:00:00.118882613Z,2026-05-03T22:00:00.104723941Z,0,1,42005163,T,A,0,7276.000000000,1,0,12403,17722,MESM6
2026-05-03T22:00:00.138541217Z,2026-05-03T22:00:00.114653805Z,0,1,42005163,T,B,0,7276.500000000,1,0,12568,17822,MESM6
2026-05-03T22:00:00.138541217Z,2026-05-03T22:00:00.114653805Z,0,1,42005163,T,B,0,7276.750000000,6,0,12568,17822,MESM6
2026-05-03T22:00:00.138541217Z,2026-05-03T22:00:00.114653805Z,0,1,42005163,T,B,0,7277.000000000,3,0,12568,17822,MESM6
2026-05-03T22:00:00.139399719Z,2026-05-03T22:00:00.114668493Z,0,1,42005163,T,B,0,7277.000000000,6,0,12474,17824,MESM6
2026-05-03T22:00:00.139399719Z,2026-05-03T22:00:00.114668493Z,0,1,42005163,T,B,0,7277.250000000,13,0,12474,17824,MESM6
2026-05-03T22:00:00.149102604Z,2026-05-03T22:00:00.117703701Z,0,1,42005163,T,A,0,7276.250000000,2,0,12191,17860,MESM6
2026-05-03T22:00:00.156627825Z,2026-05-03T22:00:00.119684325Z,0,1,42005163,T,B,0,7276.250000000,5,0,12462,17939,MESM6
2026-05-03T22:00:00.157183213Z,2026-05-03T22:00:00.119700125Z,0,1,42005163,T,B,0,7276.500000000,1,0,12536,17941,MESM6
2026-05-03T22:00:00.158360267Z,2026-05-03T22:00:00.119793299Z,0,1,42005163,T,B,0,7276.500000000,8,0,16918,17945,MESM6
2026-05-03T22:00:00.159477647Z,2026-05-03T22:00:00.119906305Z,0,1,42005163,T,B,0,7276.750000000,1,0,12888,17949,MESM6
2026-05-03T22:00:00.160328854Z,2026-05-03T22:00:00.120001129Z,0,1,42005163,T,B,0,7276.750000000,1,0,13523,17951,MESM6
2026-05-03T22:00:00.160328854Z,2026-05-03T22:00:00.120001129Z,0,1,42005163,T,B,0,7277.000000000,1,0,13523,17951,MESM6
2026-05-03T22:00:00.160840757Z,2026-05-03T22:00:00.120110757Z,0,1,42005163,T,B,0,7277.000000000,1,0,13278,17953,MESM6
2026-05-03T22:00:00.166557336Z,2026-05-03T22:00:00.124152001Z,0,1,42005163,T,A,0,7276.000000000,1,0,12962,17977,MESM6
2026-05-03T22:00:00.166557336Z,2026-05-03T22:00:00.124152001Z,0,1,42005163,T,A,0,7275.750000000,1,0,12962,17977,MESM6
2026-05-03T22:00:00.169097037Z,2026-05-03T22:00:00.127514519Z,0,1,42005163,T,A,0,7275.750000000,1,0,13180,17987,MESM6
2026-05-03T22:00:00.170537365Z,2026-05-03T22:00:00.132733671Z,0,1,42005163,T,B,0,7277.000000000,2,0,12239,18003,MESM6
2026-05-03T22:00:00.171070924Z,2026-05-03T22:00:00.133745849Z,0,1,42005163,T,B,0,7276.750000000,2,0,13868,18005,MESM6
2026-05-03T22:00:00.172600009Z,2026-05-03T22:00:00.135153781Z,0,1,42005163,T,A,0,7275.750000000,1,0,12857,18018,MESM6
2026-05-03T22:00:00.174054929Z,2026-05-03T22:00:00.138980609Z,0,1,42005163,T,B,0,7277.250000000,1,0,13097,18044,MESM6
2026-05-03T22:00:00.174505414Z,2026-05-03T22:00:00.139384963Z,0,1,42005163,T,B,0,7277.250000000,1,0,12583,18046,MESM6
2026-05-03T22:00:00.175461313Z,2026-05-03T22:00:00.139425743Z,0,1,42005163,T,A,0,7276.500000000,4,0,13445,18048,MESM6
2026-05-03T22:00:00.175461313Z,2026-05-03T22:00:00.139425743Z,0,1,42005163,T,A,0,7276.250000000,1,0,13445,18048,MESM6
2026-05-03T22:00:00.176704179Z,2026-05-03T22:00:00.142709121Z,0,1,42005163,T,B,0,7277.250000000,1,0,28623,18055,MESM6
2026-05-03T22:00:00.178552025Z,2026-05-03T22:00:00.144835983Z,0,1,42005163,T,B,0,7277.250000000,5,0,13185,18082,MESM6
2026-05-03T22:00:00.180261774Z,2026-05-03T22:00:00.149194783Z,0,1,42005163,T,A,0,7276.250000000,2,0,12755,18126,MESM6
2026-05-03T22:00:00.181896875Z,2026-05-03T22:00:00.150448235Z,0,1,42005163,T,B,0,7277.500000000,1,0,12962,18153,MESM6
2026-05-03T22:00:00.182283908Z,2026-05-03T22:00:00.150612197Z,0,1,42005163,T,B,0,7277.500000000,1,0,13558,18155,MESM6
2026-05-03T22:00:00.186968348Z,2026-05-03T22:00:00.155338949Z,0,1,42005163,T,B,0,7277.500000000,3,0,13181,18194,MESM6
2026-05-03T22:00:00.186968348Z,2026-05-03T22:00:00.155338949Z,0,1,42005163,T,B,0,7277.750000000,4,0,13181,18194,MESM6
2026-05-03T22:00:00.188719393Z,2026-05-03T22:00:00.156601963Z,0,1,42005163,T,A,0,7276.250000000,1,0,12737,18201,MESM6
2026-05-03T22:00:00.191532526Z,2026-05-03T22:00:00.159011015Z,0,1,42005163,T,B,0,7277.750000000,1,0,13043,18216,MESM6
2026-05-03T22:00:00.191980977Z,2026-05-03T22:00:00.159108507Z,0,1,42005163,T,A,0,7276.000000000,2,0,12897,18218,MESM6
2026-05-03T22:00:00.192912782Z,2026-05-03T22:00:00.159660367Z,0,1,42005163,T,B,0,7277.750000000,1,0,13173,18222,MESM6
2026-05-03T22:00:00.193868661Z,2026-05-03T22:00:00.159884113Z,0,1,42005163,T,B,0,7277.750000000,4,0,13585,18226,MESM6
2026-05-03T22:00:00.193868661Z,2026-05-03T22:00:00.159884113Z,0,1,42005163,T,B,0,7278.000000000,6,0,13585,18226,MESM6
2026-05-03T22:00:00.194285606Z,2026-05-03T22:00:00.160168683Z,0,1,42005163,T,B,0,7278.000000000,1,0,12296,18228,MESM6
2026-05-03T22:00:00.194868411Z,2026-05-03T22:00:00.160329995Z,0,1,42005163,T,A,0,7275.750000000,1,0,12698,18230,MESM6
2026-05-03T22:00:00.194868411Z,2026-05-03T22:00:00.160329995Z,0,1,42005163,T,A,0,7275.500000000,1,0,12698,18230,MESM6
2026-05-03T22:00:00.195216123Z,2026-05-03T22:00:00.160518069Z,0,1,42005163,T,B,0,7278.000000000,3,0,12338,18232,MESM6
2026-05-03T22:00:00.195577448Z,2026-05-03T22:00:00.160674273Z,0,1,42005163,T,B,0,7278.000000000,3,0,13114,18234,MESM6
2026-05-03T22:00:00.197511728Z,2026-05-03T22:00:00.161714061Z,0,1,42005163,T,B,0,7278.000000000,1,0,13338,18239,MESM6
2026-05-03T22:00:00.197511728Z,2026-05-03T22:00:00.161714061Z,0,1,42005163,T,B,0,7278.250000000,2,0,13338,18239,MESM6
2026-05-03T22:00:00.198127767Z,2026-05-03T22:00:00.161872357Z,0,1,42005163,T,B,0,7278.250000000,2,0,12273,18243,MESM6
2026-05-03T22:00:00.201640280Z,2026-05-03T22:00:00.162355293Z,0,1,42005163,T,B,0,7278.250000000,15,0,13096,18249,MESM6
2026-05-03T22:00:00.201640280Z,2026-05-03T22:00:00.162355293Z,0,1,42005163,T,B,0,7278.500000000,3,0,13096,18249,MESM6
2026-05-03T22:00:00.202258604Z,2026-05-03T22:00:00.162837517Z,0,1,42005163,T,B,0,7278.500000000,5,0,12410,18253,MESM6
2026-05-03T22:00:00.202593069Z,2026-05-03T22:00:00.162846041Z,0,1,42005163,T,B,0,7278.500000000,2,0,11592,18255,MESM6
2026-05-03T22:00:00.215190187Z,2026-05-03T22:00:00.166808033Z,0,1,42005163,T,A,0,7276.250000000,1,0,12673,18286,MESM6
2026-05-03T22:00:00.216870750Z,2026-05-03T22:00:00.166855455Z,0,1,42005163,T,A,0,7275.500000000,1,0,11659,18292,MESM6
2026-05-03T22:00:00.217241561Z,2026-05-03T22:00:00.167025655Z,0,1,42005163,T,A,0,7275.500000000,2,0,19452,18294,MESM6
2026-05-03T22:00:00.217582939Z,2026-05-03T22:00:00.167038077Z,0,1,42005163,T,B,0,7276.750000000,1,0,13209,18296,MESM6
2026-05-03T22:00:00.218387108Z,2026-05-03T22:00:00.168570419Z,0,1,42005163,T,A,0,7275.500000000,2,0,12515,18309,MESM6
2026-05-03T22:00:00.218814670Z,2026-05-03T22:00:00.168704369Z,0,1,42005163,T,B,0,7276.750000000,1,0,13787,18311,MESM6
2026-05-03T22:00:00.220194828Z,2026-05-03T22:00:00.170077327Z,0,1,42005163,T,B,0,7276.250000000,3,0,13045,18318,MESM6
2026-05-03T22:00:00.220194828Z,2026-05-03T22:00:00.170077327Z,0,1,42005163,T,B,0,7276.750000000,1,0,13045,18318,MESM6
2026-05-03T22:00:00.228500257Z,2026-05-03T22:00:00.187134085Z,0,1,42005163,T,B,0,7276.500000000,1,0,12905,18414,MESM6
2026-05-03T22:00:00.229777335Z,2026-05-03T22:00:00.190006025Z,0,1,42005163,T,B,0,7276.500000000,1,0,12589,18457,MESM6
2026-05-03T22:00:00.230845377Z,2026-05-03T22:00:00.192606491Z,0,1,42005163,T,B,0,7276.500000000,1,0,12304,18467,MESM6
2026-05-03T22:00:00.232892662Z,2026-05-03T22:00:00.196977001Z,0,1,42005163,T,B,0,7276.750000000,1,0,12726,18497,MESM6
2026-05-03T22:00:00.233581849Z,2026-05-03T22:00:00.197897043Z,0,1,42005163,T,A,0,7276.500000000,3,0,12940,18499,MESM6
2026-05-03T22:00:00.233581849Z,2026-05-03T22:00:00.197897043Z,0,1,42005163,T,A,0,7276.250000000,3,0,12940,18499,MESM6
2026-05-03T22:00:00.238249797Z,2026-05-03T22:00:00.203447091Z,0,1,42005163,T,B,0,7276.500000000,2,0,16127,18511,MESM6
2026-05-03T22:00:00.238249797Z,2026-05-03T22:00:00.203447091Z,0,1,42005163,T,B,0,7276.750000000,1,0,16127,18511,MESM6
2026-05-03T22:00:00.239745878Z,2026-05-03T22:00:00.204332635Z,0,1,42005163,T,B,0,7277.000000000,1,0,14227,18518,MESM6
2026-05-03T22:00:00.242384378Z,2026-05-03T22:00:00.205890413Z,0,1,42005163,T,A,0,7276.000000000,1,0,12872,18522,MESM6
2026-05-03T22:00:00.243268492Z,2026-05-03T22:00:00.206646687Z,0,1,42005163,T,B,0,7277.000000000,2,0,15615,18525,MESM6
2026-05-03T22:00:00.243268492Z,2026-05-03T22:00:00.206646687Z,0,1,42005163,T,B,0,7277.250000000,2,0,15615,18525,MESM6
2026-05-03T22:00:00.246183419Z,2026-05-03T22:00:00.212371141Z,0,1,42005163,T,B,0,7277.250000000,1,0,14595,18530,MESM6
2026-05-03T22:00:00.246810362Z,2026-05-03T22:00:00.214481549Z,0,1,42005163,T,B,0,7276.500000000,1,0,14415,18532,MESM6
2026-05-03T22:00:00.247590244Z,2026-05-03T22:00:00.215484109Z,0,1,42005163,T,A,0,7276.000000000,2,0,14789,18534,MESM6
2026-05-03T22:00:00.247590244Z,2026-05-03T22:00:00.215484109Z,0,1,42005163,T,A,0,7275.750000000,3,0,14789,18534,MESM6
2026-05-03T22:00:00.250695395Z,2026-05-03T22:00:00.223485751Z,0,1,42005163,T,A,0,7275.500000000,2,0,14533,18550,MESM6
2026-05-03T22:00:00.252503230Z,2026-05-03T22:00:00.226303089Z,0,1,42005163,T,B,0,7276.500000000,2,0,13631,18563,MESM6
2026-05-03T22:00:00.252503230Z,2026-05-03T22:00:00.226303089Z,0,1,42005163,T,B,0,7276.750000000,1,0,13631,18563,MESM6
2026-05-03T22:00:00.288207723Z,2026-05-03T22:00:00.247846403Z,0,1,42005163,T,A,0,7275.750000000,4,0,13845,18608,MESM6
2026-05-03T22:00:00.288207723Z,2026-05-03T22:00:00.247846403Z,0,1,42005163,T,A,0,7275.500000000,1,0,13845,18608,MESM6
2026-05-03T22:00:00.288207723Z,2026-05-03T22:00:00.247846403Z,0,1,42005163,T,A,0,7275.000000000,5,0,13845,18608,MESM6
2026-05-03T22:00:00.291238863Z,2026-05-03T22:00:00.251221517Z,0,1,42005163,T,B,0,7276.000000000,2,0,12920,18616,MESM6
2026-05-03T22:00:00.291306327Z,2026-05-03T22:00:00.251237915Z,0,1,42005163,T,B,0,7276.000000000,1,0,12291,18617,MESM6
2026-05-03T22:00:00.291870433Z,2026-05-03T22:00:00.251369485Z,0,1,42005163,T,A,0,7275.000000000,1,0,12506,18618,MESM6
2026-05-03T22:00:00.291870433Z,2026-05-03T22:00:00.251369485Z,0,1,42005163,T,A,0,7274.750000000,1,0,12506,18618,MESM6
2026-05-03T22:00:00.294001732Z,2026-05-03T22:00:00.273464199Z,0,1,42005163,T,B,0,7276.250000000,2,0,12526,18650,MESM6
2026-05-03T22:00:00.295338847Z,2026-05-03T22:00:00.279250263Z,0,1,42005163,T,B,0,7276.250000000,1,0,13291,18656,MESM6
2026-05-03T22:00:00.295338847Z,2026-05-03T22:00:00.279250263Z,0,1,42005163,T,B,0,7276.500000000,2,0,13291,18656,MESM6
2026-05-03T22:00:00.295526326Z,2026-05-03T22:00:00.279262243Z,0,1,42005163,T,B,0,7276.500000000,1,0,13337,18658,MESM6
2026-05-03T22:00:00.296175693Z,2026-05-03T22:00:00.280647191Z,0,1,42005163,T,B,0,7276.500000000,1,0,12177,18662,MESM6
2026-05-03T22:00:00.296938508Z,2026-05-03T22:00:00.281066577Z,0,1,42005163,T,B,0,7276.750000000,2,0,12966,18666,MESM6
2026-05-03T22:00:00.296938508Z,2026-05-03T22:00:00.281066577Z,0,1,42005163,T,B,0,7277.250000000,1,0,12966,18666,MESM6
2026-05-03T22:00:00.297487407Z,2026-05-03T22:00:00.283053899Z,0,1,42005163,T,B,0,7277.250000000,1,0,12449,18674,MESM6
2026-05-03T22:00:00.299914910Z,2026-05-03T22:00:00.288577167Z,0,1,42005163,T,B,0,7276.500000000,1,0,12621,18712,MESM6
2026-05-03T22:00:00.301448775Z,2026-05-03T22:00:00.290332855Z,0,1,42005163,T,A,0,7275.250000000,6,0,12887,18729,MESM6
2026-05-03T22:00:00.302305510Z,2026-05-03T22:00:00.291672815Z,0,1,42005163,T,A,0,7274.750000000,1,0,11812,18736,MESM6
2026-05-03T22:00:00.314753337Z,2026-05-03T22:00:00.310089089Z,0,1,42005163,T,A,0,7275.500000000,4,0,12610,18883,MESM6
2026-05-03T22:00:00.317718833Z,2026-05-03T22:00:00.314176451Z,0,1,42005163,T,B,0,7276.000000000,1,0,12264,18952,MESM6
2026-05-03T22:00:00.320429981Z,2026-05-03T22:00:00.316941241Z,0,1,42005163,T,A,0,7275.000000000,1,0,12889,18983,MESM6
2026-05-03T22:00:00.320429981Z,2026-05-03T22:00:00.316941241Z,0,1,42005163,T,A,0,7274.750000000,2,0,12889,18983,MESM6
2026-05-03T22:00:00.326008922Z,2026-05-03T22:00:00.323365639Z,0,1,42005163,T,B,0,7275.750000000,1,0,12630,19058,MESM6
2026-05-03T22:00:00.330156175Z,2026-05-03T22:00:00.328807809Z,0,1,42005163,T,B,0,7275.750000000,1,0,12446,19201,MESM6
2026-05-03T22:00:00.330508017Z,2026-05-03T22:00:00.328808211Z,0,1,42005163,T,A,0,7275.750000000,1,0,12751,19203,MESM6
2026-05-03T22:00:00.331026542Z,2026-05-03T22:00:00.328866653Z,0,1,42005163,T,A,0,7275.750000000,1,0,12912,19205,MESM6
2026-05-03T22:00:00.337721079Z,2026-05-03T22:00:00.336233823Z,0,1,42005163,T,A,0,7275.250000000,2,0,12834,19351,MESM6
2026-05-03T22:00:00.340251719Z,2026-05-03T22:00:00.338166429Z,0,1,42005163,T,A,0,7274.750000000,1,0,12766,19390,MESM6
2026-05-03T22:00:00.343291516Z,2026-05-03T22:00:00.339945457Z,0,1,42005163,T,B,0,7275.500000000,1,0,13396,19408,MESM6
2026-05-03T22:00:00.346738734Z,2026-05-03T22:00:00.345729929Z,0,1,42005163,T,A,0,7275.250000000,1,0,13157,19497,MESM6
2026-05-03T22:00:00.363597223Z,2026-05-03T22:00:00.362671823Z,0,1,42005163,T,B,0,7275.750000000,1,0,12949,19749,MESM6
2026-05-03T22:00:00.365095916Z,2026-05-03T22:00:00.364411361Z,0,1,42005163,T,B,0,7275.750000000,1,0,12448,19761,MESM6
2026-05-03T22:00:00.380318764Z,2026-05-03T22:00:00.379183063Z,0,1,42005163,T,B,0,7276.000000000,5,0,12570,19781,MESM6
2026-05-03T22:00:00.380978998Z,2026-05-03T22:00:00.380012753Z,0,1,42005163,T,B,0,7276.000000000,1,0,12539,19785,MESM6
2026-05-03T22:00:00.385649730Z,2026-05-03T22:00:00.384979859Z,0,1,42005163,T,B,0,7276.250000000,2,0,12403,19886,MESM6
2026-05-03T22:00:00.389405766Z,2026-05-03T22:00:00.388592543Z,0,1,42005163,T,B,0,7276.250000000,1,0,12681,19940,MESM6
2026-05-03T22:00:00.389405766Z,2026-05-03T22:00:00.388592543Z,0,1,42005163,T,B,0,7276.500000000,2,0,12681,19940,MESM6
2026-05-03T22:00:00.390460462Z,2026-05-03T22:00:00.389859415Z,0,1,42005163,T,A,0,7275.750000000,1,0,12962,19959,MESM6
2026-05-03T22:00:00.392342195Z,2026-05-03T22:00:00.391572229Z,0,1,42005163,T,B,0,7275.750000000,1,0,12471,19969,MESM6
2026-05-03T22:00:00.397123033Z,2026-05-03T22:00:00.396546571Z,0,1,42005163,T,A,0,7275.500000000,1,0,12800,19988,MESM6
2026-05-03T22:00:00.400575167Z,2026-05-03T22:00:00.399706653Z,0,1,42005163,T,A,0,7275.250000000,2,0,13008,20001,MESM6
2026-05-03T22:00:00.400575167Z,2026-05-03T22:00:00.399706653Z,0,1,42005163,T,A,0,7275.000000000,1,0,13008,20001,MESM6
2026-05-03T22:00:00.429363491Z,2026-05-03T22:00:00.428547485Z,0,1,42005163,T,B,0,7275.500000000,1,0,12570,20118,MESM6
2026-05-03T22:00:00.487222400Z,2026-05-03T22:00:00.486606101Z,0,1,42005163,T,B,0,7275.750000000,1,0,13115,20565,MESM6
2026-05-03T22:00:00.488042678Z,2026-05-03T22:00:00.487553579Z,0,1,42005163,T,A,0,7275.500000000,1,0,12799,20577,MESM6
2026-05-03T22:00:00.489156124Z,2026-05-03T22:00:00.488659351Z,0,1,42005163,T,B,0,7275.500000000,1,0,12579,20584,MESM6
2026-05-03T22:00:00.494603707Z,2026-05-03T22:00:00.493944413Z,0,1,42005163,T,B,0,7275.750000000,3,0,12370,20654,MESM6
2026-05-03T22:00:00.496606315Z,2026-05-03T22:00:00.495704245Z,0,1,42005163,T,B,0,7275.750000000,1,0,13016,20686,MESM6
2026-05-03T22:00:00.496606315Z,2026-05-03T22:00:00.495704245Z,0,1,42005163,T,B,0,7276.000000000,4,0,13016,20686,MESM6
2026-05-03T22:00:00.496606315Z,2026-05-03T22:00:00.495704245Z,0,1,42005163,T,B,0,7276.250000000,1,0,13016,20686,MESM6
2026-05-03T22:00:00.520060830Z,2026-05-03T22:00:00.518936565Z,0,1,42005163,T,A,0,7275.250000000,2,0,12669,20740,MESM6
2026-05-03T22:00:00.520060830Z,2026-05-03T22:00:00.518936565Z,0,1,42005163,T,A,0,7275.000000000,2,0,12669,20740,MESM6
2026-05-03T22:00:00.520060830Z,2026-05-03T22:00:00.518936565Z,0,1,42005163,T,A,0,7274.750000000,1,0,12669,20740,MESM6
2026-05-03T22:00:00.521225902Z,2026-05-03T22:00:00.520655405Z,0,1,42005163,T,B,0,7275.250000000,1,0,12805,20758,MESM6
2026-05-03T22:00:00.521825084Z,2026-05-03T22:00:00.521335841Z,0,1,42005163,T,B,0,7275.750000000,1,0,12494,20762,MESM6
2026-05-03T22:00:00.532315225Z,2026-05-03T22:00:00.531709809Z,0,1,42005163,T,B,0,7275.250000000,1,0,11800,20899,MESM6
2026-05-03T22:00:00.542813084Z,2026-05-03T22:00:00.542022031Z,0,1,42005163,T,B,0,7275.250000000,2,0,12575,20985,MESM6
2026-05-03T22:00:00.549966478Z,2026-05-03T22:00:00.549189933Z,0,1,42005163,T,B,0,7275.750000000,1,0,12641,21076,MESM6
2026-05-03T22:00:00.645123417Z,2026-05-03T22:00:00.644348907Z,0,1,42005163,T,A,0,7275.000000000,1,0,12812,22603,MESM6
2026-05-03T22:00:00.649469073Z,2026-05-03T22:00:00.648706419Z,0,1,42005163,T,A,0,7274.750000000,1,0,12425,22754,MESM6
2026-05-03T22:00:00.663073360Z,2026-05-03T22:00:00.662233575Z,0,1,42005163,T,B,0,7275.250000000,1,0,12486,23029,MESM6
2026-05-03T22:00:00.668635492Z,2026-05-03T22:00:00.666291619Z,0,1,42005163,T,B,0,7275.000000000,1,0,12578,23150,MESM6
2026-05-03T22:00:00.686016557Z,2026-05-03T22:00:00.684747425Z,0,1,42005163,T,B,0,7275.500000000,2,0,12622,23351,MESM6
2026-05-03T22:00:00.686935363Z,2026-05-03T22:00:00.686258091Z,0,1,42005163,T,A,0,7275.250000000,1,0,12164,23362,MESM6
2026-05-03T22:00:00.687136204Z,2026-05-03T22:00:00.686264657Z,0,1,42005163,T,A,0,7275.250000000,1,0,12185,23364,MESM6
2026-05-03T22:00:00.699561740Z,2026-05-03T22:00:00.698855241Z,0,1,42005163,T,A,0,7275.000000000,2,0,12373,23747,MESM6
2026-05-03T22:00:00.708823492Z,2026-05-03T22:00:00.707263943Z,0,1,42005163,T,B,0,7275.000000000,3,0,12569,24139,MESM6
2026-05-03T22:00:00.708823492Z,2026-05-03T22:00:00.707263943Z,0,1,42005163,T,B,0,7275.250000000,2,0,12569,24139,MESM6
2026-05-03T22:00:00.708823492Z,2026-05-03T22:00:00.707263943Z,0,1,42005163,T,B,0,7276.000000000,1,0,12569,24139,MESM6
2026-05-03T22:00:00.715854283Z,2026-05-03T22:00:00.714930447Z,0,1,42005163,T,B,0,7275.500000000,1,0,12131,24473,MESM6
2026-05-03T22:00:00.729460979Z,2026-05-03T22:00:00.728784797Z,0,1,42005163,T,B,0,7275.250000000,2,0,12492,25078,MESM6
2026-05-03T22:00:00.757750459Z,2026-05-03T22:00:00.757054009Z,0,1,42005163,T,A,0,7275.000000000,2,0,12317,25878,MESM6
2026-05-03T22:00:00.777380439Z,2026-05-03T22:00:00.776220413Z,0,1,42005163,T,B,0,7275.250000000,2,0,13034,26251,MESM6
2026-05-03T22:00:00.777380439Z,2026-05-03T22:00:00.776220413Z,0,1,42005163,T,B,0,7275.500000000,2,0,13034,26251,MESM6
2026-05-03T22:00:00.777380439Z,2026-05-03T22:00:00.776220413Z,0,1,42005163,T,B,0,7276.250000000,3,0,13034,26251,MESM6
2026-05-03T22:00:00.803729961Z,2026-05-03T22:00:00.802719409Z,0,1,42005163,T,B,0,7275.250000000,2,0,13910,26614,MESM6
2026-05-03T22:00:00.803729961Z,2026-05-03T22:00:00.802719409Z,0,1,42005163,T,B,0,7275.500000000,2,0,13910,26614,MESM6
2026-05-03T22:00:00.803729961Z,2026-05-03T22:00:00.802719409Z,0,1,42005163,T,B,0,7276.250000000,3,0,13910,26614,MESM6
2026-05-03T22:00:00.804608636Z,2026-05-03T22:00:00.803986551Z,0,1,42005163,T,B,0,7276.000000000,2,0,12146,26630,MESM6
2026-05-03T22:00:00.805592009Z,2026-05-03T22:00:00.805031963Z,0,1,42005163,T,A,0,7275.000000000,1,0,12222,26650,MESM6
2026-05-03T22:00:00.815256806Z,2026-05-03T22:00:00.814452655Z,0,1,42005163,T,B,0,7275.250000000,1,0,12424,26916,MESM6
2026-05-03T22:00:00.838706408Z,2026-05-03T22:00:00.838178143Z,0,1,42005163,T,B,0,7275.250000000,1,0,12528,27220,MESM6
2026-05-03T22:00:00.849818272Z,2026-05-03T22:00:00.849008895Z,0,1,42005163,T,B,0,7275.250000000,2,0,12179,27288,MESM6
2026-05-03T22:00:00.890611830Z,2026-05-03T22:00:00.890081765Z,0,1,42005163,T,B,0,7275.000000000,1,0,12161,27846,MESM6
2026-05-03T22:00:00.916807121Z,2026-05-03T22:00:00.916011967Z,0,1,42005163,T,A,0,7274.500000000,3,0,12237,28160,MESM6
2026-05-03T22:00:00.923957521Z,2026-05-03T22:00:00.923149133Z,0,1,42005163,T,A,0,7274.250000000,1,0,12261,28374,MESM6
2026-05-03T22:00:00.938147771Z,2026-05-03T22:00:00.937627471Z,0,1,42005163,T,B,0,7274.500000000,1,0,12362,28542,MESM6
2026-05-03T22:00:00.938761812Z,2026-05-03T22:00:00.938327569Z,0,1,42005163,T,A,0,7274.250000000,1,0,12346,28547,MESM6
2026-05-03T22:00:01.002018027Z,2026-05-03T22:00:01.000216911Z,0,1,42005163,T,A,0,7274.000000000,1,0,14425,29375,MESM6
2026-05-03T22:00:01.004701030Z,2026-05-03T22:00:01.002029655Z,0,1,42005163,T,A,0,7273.750000000,6,0,11316,29420,MESM6
2026-05-03T22:00:01.004717635Z,2026-05-03T22:00:01.002029655Z,0,1,42005163,T,A,0,7273.500000000,1,0,13007,29421,MESM6
2026-05-03T22:00:01.007729729Z,2026-05-03T22:00:01.006357967Z,0,1,42005163,T,A,0,7273.250000000,1,0,12258,29525,MESM6
2026-05-03T22:00:01.009036932Z,2026-05-03T22:00:01.007932411Z,0,1,42005163,T,A,0,7273.000000000,2,0,12721,29564,MESM6
2026-05-03T22:00:01.010446599Z,2026-05-03T22:00:01.009186113Z,0,1,42005163,T,A,0,7272.750000000,2,0,12375,29589,MESM6
2026-05-03T22:00:01.012500776Z,2026-05-03T22:00:01.011898185Z,0,1,42005163,T,B,0,7272.500000000,1,0,12656,29699,MESM6
2026-05-03T22:00:01.012692095Z,2026-05-03T22:00:01.011929059Z,0,1,42005163,T,A,0,7272.250000000,1,0,11667,29701,MESM6
2026-05-03T22:00:01.024880676Z,2026-05-03T22:00:01.024215411Z,0,1,42005163,T,B,0,7272.750000000,1,0,12323,29884,MESM6
2026-05-03T22:00:01.046579828Z,2026-05-03T22:00:01.045878875Z,0,1,42005163,T,B,0,7273.000000000,1,0,12251,30406,MESM6
2026-05-03T22:00:01.069669142Z,2026-05-03T22:00:01.069236585Z,0,1,42005163,T,B,0,7272.750000000,1,0,12294,30644,MESM6
2026-05-03T22:00:01.071016124Z,2026-05-03T22:00:01.070250759Z,0,1,42005163,T,B,0,7273.000000000,2,0,12112,30646,MESM6
2026-05-03T22:00:01.071016124Z,2026-05-03T22:00:01.070250759Z,0,1,42005163,T,B,0,7273.250000000,7,0,12112,30646,MESM6
2026-05-03T22:00:01.076286518Z,2026-05-03T22:00:01.075043997Z,0,1,42005163,T,A,0,7273.250000000,1,0,12214,30718,MESM6
2026-05-03T22:00:01.079160974Z,2026-05-03T22:00:01.078632565Z,0,1,42005163,T,A,0,7273.000000000,2,0,13077,30827,MESM6
2026-05-03T22:00:01.111321813Z,2026-05-03T22:00:01.110253143Z,0,1,42005163,T,A,0,7272.750000000,1,0,12287,31629,MESM6
2026-05-03T22:00:01.147877076Z,2026-05-03T22:00:01.147379419Z,0,1,42005163,T,A,0,7272.500000000,1,0,12661,32207,MESM6
2026-05-03T22:00:01.182623062Z,2026-05-03T22:00:01.182074815Z,0,1,42005163,T,B,0,7272.500000000,1,0,12605,32529,MESM6
2026-05-03T22:00:01.191174219Z,2026-05-03T22:00:01.190773541Z,0,1,42005163,T,B,0,7272.500000000,1,0,12531,32547,MESM6
2026-05-03T22:00:01.248891268Z,2026-05-03T22:00:01.248348609Z,0,1,42005163,T,B,0,7272.500000000,4,0,11518,32699,MESM6
2026-05-03T22:00:01.250806235Z,2026-05-03T22:00:01.250416933Z,0,1,42005163,T,B,0,7272.750000000,2,0,12300,32719,MESM6
2026-05-03T22:00:01.360041071Z,2026-05-03T22:00:01.305670651Z,0,1,42005163,T,B,0,7273.250000000,1,0,10715,33592,MESM6
2026-05-03T22:00:01.368897108Z,2026-05-03T22:00:01.368176419Z,0,1,42005163,T,B,0,7273.250000000,1,0,13050,33759,MESM6
2026-05-03T22:00:01.368897108Z,2026-05-03T22:00:01.368176419Z,0,1,42005163,T,B,0,7273.500000000,2,0,13050,33759,MESM6
2026-05-03T22:00:01.368897108Z,2026-05-03T22:00:01.368176419Z,0,1,42005163,T,B,0,7273.750000000,7,0,13050,33759,MESM6
2026-05-03T22:00:01.438890266Z,2026-05-03T22:00:01.438452235Z,0,1,42005163,T,A,0,7273.000000000,1,0,12773,35326,MESM6
2026-05-03T22:00:01.439303179Z,2026-05-03T22:00:01.438890955Z,0,1,42005163,T,B,0,7273.500000000,1,0,12197,35328,MESM6
2026-05-03T22:00:01.439925707Z,2026-05-03T22:00:01.439569355Z,0,1,42005163,T,A,0,7273.000000000,1,0,12223,35343,MESM6
2026-05-03T22:00:01.453734548Z,2026-05-03T22:00:01.452616955Z,0,1,42005163,T,B,0,7273.250000000,2,0,12572,35988,MESM6
2026-05-03T22:00:01.453734548Z,2026-05-03T22:00:01.452616955Z,0,1,42005163,T,B,0,7273.500000000,2,0,12572,35988,MESM6
2026-05-03T22:00:01.453734548Z,2026-05-03T22:00:01.452616955Z,0,1,42005163,T,B,0,7273.750000000,2,0,12572,35988,MESM6
2026-05-03T22:00:01.453734548Z,2026-05-03T22:00:01.452616955Z,0,1,42005163,T,B,0,7274.000000000,4,0,12572,35988,MESM6
2026-05-03T22:00:01.454931260Z,2026-05-03T22:00:01.454446097Z,0,1,42005163,T,A,0,7273.000000000,3,0,12340,36019,MESM6
2026-05-03T22:00:01.468033675Z,2026-05-03T22:00:01.467688203Z,0,1,42005163,T,B,0,7273.250000000,1,0,12855,36303,MESM6
2026-05-03T22:00:01.487685156Z,2026-05-03T22:00:01.487249301Z,0,1,42005163,T,A,0,7272.750000000,1,0,12130,36627,MESM6
2026-05-03T22:00:01.504079124Z,2026-05-03T22:00:01.503396605Z,0,1,42005163,T,B,0,7273.250000000,1,0,14858,37436,MESM6
2026-05-03T22:00:01.504079124Z,2026-05-03T22:00:01.503396605Z,0,1,42005163,T,B,0,7273.500000000,6,0,14858,37436,MESM6
2026-05-03T22:00:01.504079124Z,2026-05-03T22:00:01.503396605Z,0,1,42005163,T,B,0,7273.750000000,3,0,14858,37436,MESM6
2026-05-03T22:00:01.517857267Z,2026-05-03T22:00:01.517511829Z,0,1,42005163,T,A,0,7273.500000000,1,0,12441,37864,MESM6
2026-05-03T22:00:01.519891612Z,2026-05-03T22:00:01.519558439Z,0,1,42005163,T,B,0,7274.000000000,1,0,12493,37897,MESM6
2026-05-03T22:00:01.529417963Z,2026-05-03T22:00:01.529100661Z,0,1,42005163,T,A,0,7273.500000000,1,0,12706,37927,MESM6
2026-05-03T22:00:01.534684940Z,2026-05-03T22:00:01.534088863Z,0,1,42005163,T,B,0,7274.000000000,2,0,12262,38070,MESM6
2026-05-03T22:00:01.534684940Z,2026-05-03T22:00:01.534088863Z,0,1,42005163,T,B,0,7274.250000000,2,0,12262,38070,MESM6
2026-05-03T22:00:01.539199547Z,2026-05-03T22:00:01.538856241Z,0,1,42005163,T,B,0,7274.250000000,1,0,12609,38086,MESM6
2026-05-03T22:00:01.560246277Z,2026-05-03T22:00:01.559817707Z,0,1,42005163,T,B,0,7274.000000000,1,0,12435,38168,MESM6
2026-05-03T22:00:01.571901835Z,2026-05-03T22:00:01.571563431Z,0,1,42005163,T,A,0,7273.500000000,1,0,12151,38194,MESM6
2026-05-03T22:00:01.599686167Z,2026-05-03T22:00:01.599361615Z,0,1,42005163,T,B,0,7274.000000000,1,0,12553,38297,MESM6
2026-05-03T22:00:01.632352477Z,2026-05-03T22:00:01.632025455Z,0,1,42005163,T,A,0,7273.500000000,1,0,12743,38429,MESM6
2026-05-03T22:00:01.648946307Z,2026-05-03T22:00:01.648614855Z,0,1,42005163,T,B,0,7274.000000000,1,0,13166,38480,MESM6
2026-05-03T22:00:01.665578323Z,2026-05-03T22:00:01.665282951Z,0,1,42005163,T,A,0,7273.500000000,1,0,13147,38505,MESM6
2026-05-03T22:00:01.703414961Z,2026-05-03T22:00:01.703024675Z,0,1,42005163,T,B,0,7273.750000000,1,0,12475,38578,MESM6
2026-05-03T22:00:01.704157003Z,2026-05-03T22:00:01.703602703Z,0,1,42005163,T,B,0,7274.000000000,2,0,12877,38581,MESM6
2026-05-03T22:00:01.704157003Z,2026-05-03T22:00:01.703602703Z,0,1,42005163,T,B,0,7274.250000000,4,0,12877,38581,MESM6
2026-05-03T22:00:01.724127972Z,2026-05-03T22:00:01.723709865Z,0,1,42005163,T,A,0,7273.500000000,1,0,12218,38713,MESM6
2026-05-03T22:00:01.768297377Z,2026-05-03T22:00:01.767906645Z,0,1,42005163,T,B,0,7274.000000000,1,0,12332,38889,MESM6
2026-05-03T22:00:01.781070240Z,2026-05-03T22:00:01.780730903Z,0,1,42005163,T,B,0,7274.750000000,1,0,12696,39011,MESM6
2026-05-03T22:00:01.805976102Z,2026-05-03T22:00:01.805591655Z,0,1,42005163,T,B,0,7275.000000000,1,0,12509,39124,MESM6
2026-05-03T22:00:01.908027392Z,2026-05-03T22:00:01.907646861Z,0,1,42005163,T,A,0,7274.750000000,1,0,12308,39490,MESM6
2026-05-03T22:00:01.924516913Z,2026-05-03T22:00:01.924011343Z,0,1,42005163,T,A,0,7274.750000000,1,0,12586,39545,MESM6
2026-05-03T22:00:01.924516913Z,2026-05-03T22:00:01.924011343Z,0,1,42005163,T,A,0,7274.500000000,1,0,12586,39545,MESM6
2026-05-03T22:00:01.924516913Z,2026-05-03T22:00:01.924011343Z,0,1,42005163,T,A,0,7274.000000000,1,0,12586,39545,MESM6
2026-05-03T22:00:02.028345289Z,2026-05-03T22:00:02.027869965Z,0,1,42005163,T,B,0,7275.500000000,1,0,12799,41277,MESM6
2026-05-03T22:00:02.138343204Z,2026-05-03T22:00:02.137944807Z,0,1,42005163,T,A,0,7274.750000000,2,0,12733,42396,MESM6
2026-05-03T22:00:02.138686463Z,2026-05-03T22:00:02.138363099Z,0,1,42005163,T,B,0,7274.750000000,4,0,12873,42398,MESM6
2026-05-03T22:00:02.170865713Z,2026-05-03T22:00:02.170266191Z,0,1,42005163,T,B,0,7275.250000000,1,0,12432,42588,MESM6
2026-05-03T22:00:02.170930587Z,2026-05-03T22:00:02.170295085Z,0,1,42005163,T,B,0,7275.500000000,1,0,12362,42589,MESM6
2026-05-03T22:00:02.171080915Z,2026-05-03T22:00:02.170303611Z,0,1,42005163,T,B,0,7275.500000000,1,0,11445,42591,MESM6
2026-05-03T22:00:02.171471267Z,2026-05-03T22:00:02.170946915Z,0,1,42005163,T,A,0,7275.500000000,3,0,12088,42595,MESM6
2026-05-03T22:00:02.171711908Z,2026-05-03T22:00:02.171177535Z,0,1,42005163,T,A,0,7275.250000000,9,0,12367,42598,MESM6
2026-05-03T22:00:02.178723998Z,2026-05-03T22:00:02.178235889Z,0,1,42005163,T,B,0,7275.500000000,1,0,12595,42627,MESM6
2026-05-03T22:00:02.178723998Z,2026-05-03T22:00:02.178235889Z,0,1,42005163,T,B,0,7275.750000000,1,0,12595,42627,MESM6
2026-05-03T22:00:02.223125214Z,2026-05-03T22:00:02.222568983Z,0,1,42005163,T,A,0,7275.000000000,1,0,12232,42760,MESM6
2026-05-03T22:00:02.283986161Z,2026-05-03T22:00:02.283438663Z,0,1,42005163,T,A,0,7274.250000000,1,0,13602,43011,MESM6
2026-05-03T22:00:02.288268243Z,2026-05-03T22:00:02.287949921Z,0,1,42005163,T,A,0,7274.250000000,1,0,12145,43018,MESM6
2026-05-03T22:00:02.289984306Z,2026-05-03T22:00:02.289702783Z,0,1,42005163,T,A,0,7274.250000000,1,0,12171,43022,MESM6
2026-05-03T22:00:02.294002753Z,2026-05-03T22:00:02.293750865Z,0,1,42005163,T,A,0,7274.250000000,1,0,12143,43029,MESM6
2026-05-03T22:00:02.294117236Z,2026-05-03T22:00:02.293811533Z,0,1,42005163,T,A,0,7274.250000000,1,0,12297,43031,MESM6
2026-05-03T22:00:02.310298018Z,2026-05-03T22:00:02.309896399Z,0,1,42005163,T,A,0,7274.250000000,3,0,12236,43068,MESM6
2026-05-03T22:00:02.433239458Z,2026-05-03T22:00:02.432633033Z,0,1,42005163,T,B,0,7274.750000000,5,0,12695,43576,MESM6
2026-05-03T22:00:02.433239458Z,2026-05-03T22:00:02.432633033Z,0,1,42005163,T,B,0,7275.000000000,1,0,12695,43576,MESM6
2026-05-03T22:00:02.433239458Z,2026-05-03T22:00:02.432633033Z,0,1,42005163,T,B,0,7275.250000000,1,0,12695,43576,MESM6
2026-05-03T22:00:02.433239458Z,2026-05-03T22:00:02.432633033Z,0,1,42005163,T,B,0,7275.500000000,3,0,12695,43576,MESM6
2026-05-03T22:00:02.453383124Z,2026-05-03T22:00:02.453015529Z,0,1,42005163,T,A,0,7274.500000000,2,0,12289,43654,MESM6
2026-05-03T22:00:02.456635185Z,2026-05-03T22:00:02.456211053Z,0,1,42005163,T,B,0,7275.000000000,1,0,12112,43665,MESM6
2026-05-03T22:00:02.501644225Z,2026-05-03T22:00:02.501233127Z,0,1,42005163,T,A,0,7274.500000000,3,0,12158,43786,MESM6
2026-05-03T22:00:02.624424799Z,2026-05-03T22:00:02.624092445Z,0,1,42005163,T,B,0,7275.000000000,1,0,12094,44105,MESM6
2026-05-03T22:00:02.675588806Z,2026-05-03T22:00:02.675206925Z,0,1,42005163,T,A,0,7274.500000000,1,0,12193,44254,MESM6
2026-05-03T22:00:02.713090231Z,2026-05-03T22:00:02.712700173Z,0,1,42005163,T,A,0,7274.000000000,1,0,12121,44326,MESM6
2026-05-03T22:00:02.737346404Z,2026-05-03T22:00:02.736963373Z,0,1,42005163,T,B,0,7274.750000000,1,0,12370,44354,MESM6
2026-05-03T22:00:02.761855523Z,2026-05-03T22:00:02.761481093Z,0,1,42005163,T,A,0,7274.250000000,2,0,12720,44387,MESM6
2026-05-03T22:00:02.835866789Z,2026-05-03T22:00:02.835497729Z,0,1,42005163,T,A,0,7274.250000000,2,0,12864,44661,MESM6
2026-05-03T22:00:03.047297532Z,2026-05-03T22:00:03.046922611Z,0,1,42005163,T,A,0,7274.250000000,1,0,12795,45939,MESM6
2026-05-03T22:00:03.069265239Z,2026-05-03T22:00:03.068781293Z,0,1,42005163,T,B,0,7274.750000000,1,0,12323,45951,MESM6
2026-05-03T22:00:03.069265239Z,2026-05-03T22:00:03.068781293Z,0,1,42005163,T,B,0,7275.000000000,1,0,12323,45951,MESM6
2026-05-03T22:00:03.218223870Z,2026-05-03T22:00:03.217865095Z,0,1,42005163,T,B,0,7275.000000000,1,0,12133,47562,MESM6
2026-05-03T22:00:03.314547787Z,2026-05-03T22:00:03.313951023Z,0,1,42005163,T,B,0,7275.000000000,3,0,12797,47710,MESM6
2026-05-03T22:00:03.314547787Z,2026-05-03T22:00:03.313951023Z,0,1,42005163,T,B,0,7275.250000000,2,0,12797,47710,MESM6
2026-05-03T22:00:03.333297953Z,2026-05-03T22:00:03.332761013Z,0,1,42005163,T,B,0,7275.000000000,1,0,11484,47744,MESM6
2026-05-03T22:00:03.334197119Z,2026-05-03T22:00:03.332899593Z,0,1,42005163,T,B,0,7275.000000000,1,0,12715,47756,MESM6
2026-05-03T22:00:03.457993193Z,2026-05-03T22:00:03.457529013Z,0,1,42005163,T,A,0,7275.250000000,1,0,12439,48819,MESM6
2026-05-03T22:00:03.479723522Z,2026-05-03T22:00:03.479332917Z,0,1,42005163,T,A,0,7275.000000000,1,0,12520,48945,MESM6
2026-05-03T22:00:03.539005577Z,2026-05-03T22:00:03.538700453Z,0,1,42005163,T,A,0,7275.000000000,1,0,12275,49009,MESM6
2026-05-03T22:00:03.573479607Z,2026-05-03T22:00:03.572984413Z,0,1,42005163,T,A,0,7274.750000000,2,0,12292,49128,MESM6
2026-05-03T22:00:03.573479607Z,2026-05-03T22:00:03.572984413Z,0,1,42005163,T,A,0,7274.500000000,2,0,12292,49128,MESM6
2026-05-03T22:00:03.617086811Z,2026-05-03T22:00:03.616634229Z,0,1,42005163,T,A,0,7274.750000000,1,0,12514,49226,MESM6
2026-05-03T22:00:03.633644297Z,2026-05-03T22:00:03.633263351Z,0,1,42005163,T,A,0,7274.750000000,2,0,12755,49279,MESM6
2026-05-03T22:00:03.647945574Z,2026-05-03T22:00:03.647531997Z,0,1,42005163,T,A,0,7274.500000000,2,0,12507,49294,MESM6
2026-05-03T22:00:03.648545198Z,2026-05-03T22:00:03.648123197Z,0,1,42005163,T,A,0,7274.750000000,1,0,12346,49308,MESM6
2026-05-03T22:00:03.790107030Z,2026-05-03T22:00:03.789698351Z,0,1,42005163,T,A,0,7274.500000000,3,0,12403,49725,MESM6
2026-05-03T22:00:03.805501476Z,2026-05-03T22:00:03.805110057Z,0,1,42005163,T,B,0,7275.000000000,1,0,12176,49758,MESM6
2026-05-03T22:00:03.820130594Z,2026-05-03T22:00:03.819617905Z,0,1,42005163,T,A,0,7274.500000000,3,0,12606,49816,MESM6
2026-05-03T22:00:03.824870615Z,2026-05-03T22:00:03.824500975Z,0,1,42005163,T,A,0,7274.500000000,1,0,12466,49870,MESM6
2026-05-03T22:00:03.826334577Z,2026-05-03T22:00:03.826008127Z,0,1,42005163,T,A,0,7274.500000000,1,0,12292,49901,MESM6
2026-05-03T22:00:03.827859668Z,2026-05-03T22:00:03.827487745Z,0,1,42005163,T,A,0,7274.500000000,1,0,12400,49908,MESM6
2026-05-03T22:00:03.830726039Z,2026-05-03T22:00:03.830412103Z,0,1,42005163,T,A,0,7274.500000000,1,0,12183,49950,MESM6
2026-05-03T22:00:03.854478982Z,2026-05-03T22:00:03.854085139Z,0,1,42005163,T,A,0,7274.250000000,1,0,12378,50016,MESM6
2026-05-03T22:00:03.855283534Z,2026-05-03T22:00:03.854877409Z,0,1,42005163,T,A,0,7274.250000000,1,0,12387,50059,MESM6
2026-05-03T22:00:03.937422931Z,2026-05-03T22:00:03.937016411Z,0,1,42005163,T,A,0,7274.000000000,2,0,12471,51857,MESM6
2026-05-03T22:00:04.085844641Z,2026-05-03T22:00:04.084759003Z,0,1,42005163,T,A,0,7273.500000000,2,0,12214,54730,MESM6
2026-05-03T22:00:04.099408964Z,2026-05-03T22:00:04.099031449Z,0,1,42005163,T,A,0,7273.500000000,2,0,13585,54812,MESM6
2026-05-03T22:00:04.106501017Z,2026-05-03T22:00:04.106154695Z,0,1,42005163,T,A,0,7273.250000000,1,0,11446,54870,MESM6
2026-05-03T22:00:04.113045897Z,2026-05-03T22:00:04.112701677Z,0,1,42005163,T,A,0,7273.000000000,1,0,12481,54883,MESM6
2026-05-03T22:00:04.134568339Z,2026-05-03T22:00:04.134232973Z,0,1,42005163,T,B,0,7273.750000000,1,0,12243,54947,MESM6
2026-05-03T22:00:04.172067323Z,2026-05-03T22:00:04.171725683Z,0,1,42005163,T,B,0,7273.750000000,2,0,12145,55004,MESM6
2026-05-03T22:00:04.193231030Z,2026-05-03T22:00:04.192853395Z,0,1,42005163,T,A,0,7273.750000000,1,0,12133,55066,MESM6
2026-05-03T22:00:04.288309380Z,2026-05-03T22:00:04.287984049Z,0,1,42005163,T,A,0,7273.500000000,1,0,12535,55144,MESM6
2026-05-03T22:00:04.415186223Z,2026-05-03T22:00:04.414770145Z,0,1,42005163,T,B,0,7274.000000000,2,0,13133,55302,MESM6
2026-05-03T22:00:04.415186223Z,2026-05-03T22:00:04.414770145Z,0,1,42005163,T,B,0,7274.250000000,1,0,13133,55302,MESM6
2026-05-03T22:00:04.428424431Z,2026-05-03T22:00:04.428125643Z,0,1,42005163,T,B,0,7274.000000000,1,0,12156,55324,MESM6
2026-05-03T22:00:04.663690513Z,2026-05-03T22:00:04.663258447Z,0,1,42005163,T,B,0,7274.000000000,3,0,12287,55758,MESM6
2026-05-03T22:00:04.683605096Z,2026-05-03T22:00:04.683241545Z,0,1,42005163,T,A,0,7273.500000000,2,0,12522,55773,MESM6
2026-05-03T22:00:04.691797654Z,2026-05-03T22:00:04.691467839Z,0,1,42005163,T,B,0,7273.750000000,1,0,12286,55804,MESM6
2026-05-03T22:00:04.722521659Z,2026-05-03T22:00:04.722069383Z,0,1,42005163,T,A,0,7273.250000000,3,0,12304,55868,MESM6
2026-05-03T22:00:04.780082983Z,2026-05-03T22:00:04.779767825Z,0,1,42005163,T,B,0,7274.000000000,1,0,12565,55995,MESM6
2026-05-03T22:00:04.824798507Z,2026-05-03T22:00:04.824471425Z,0,1,42005163,T,A,0,7273.500000000,1,0,13312,56038,MESM6
2026-05-03T22:00:04.833204097Z,2026-05-03T22:00:04.832851715Z,0,1,42005163,T,A,0,7273.500000000,1,0,12365,56046,MESM6
2026-05-03T22:00:04.880808822Z,2026-05-03T22:00:04.880382213Z,0,1,42005163,T,A,0,7273.500000000,2,0,12074,56117,MESM6
2026-05-03T22:00:05.002239355Z,2026-05-03T22:00:05.001825863Z,0,1,42005163,T,A,0,7273.500000000,1,0,13001,56298,MESM6
2026-05-03T22:00:05.010529738Z,2026-05-03T22:00:05.010127667Z,0,1,42005163,T,A,0,7273.500000000,1,0,12310,56823,MESM6
2026-05-03T22:00:05.105211674Z,2026-05-03T22:00:05.104597333Z,0,1,42005163,T,B,0,7274.000000000,2,0,13488,58856,MESM6
2026-05-03T22:00:05.105211674Z,2026-05-03T22:00:05.104597333Z,0,1,42005163,T,B,0,7274.500000000,2,0,13488,58856,MESM6
2026-05-03T22:00:05.105211674Z,2026-05-03T22:00:05.104597333Z,0,1,42005163,T,B,0,7274.750000000,1,0,13488,58856,MESM6
2026-05-03T22:00:05.106651409Z,2026-05-03T22:00:05.106289545Z,0,1,42005163,T,A,0,7273.500000000,2,0,12300,58879,MESM6
2026-05-03T22:00:05.129190859Z,2026-05-03T22:00:05.128839259Z,0,1,42005163,T,A,0,7273.500000000,2,0,12178,58989,MESM6
2026-05-03T22:00:05.131306206Z,2026-05-03T22:00:05.130992845Z,0,1,42005163,T,A,0,7273.500000000,1,0,12576,59042,MESM6
2026-05-03T22:00:05.224431047Z,2026-05-03T22:00:05.224013649Z,0,1,42005163,T,A,0,7273.500000000,1,0,12224,59351,MESM6
2026-05-03T22:00:05.225740014Z,2026-05-03T22:00:05.225426533Z,0,1,42005163,T,A,0,7273.500000000,1,0,12330,59355,MESM6
2026-05-03T22:00:05.226064191Z,2026-05-03T22:00:05.225754551Z,0,1,42005163,T,B,0,7273.500000000,1,0,12165,59357,MESM6
2026-05-03T22:00:05.227387041Z,2026-05-03T22:00:05.226967263Z,0,1,42005163,T,A,0,7273.500000000,1,0,12267,59366,MESM6
2026-05-03T22:00:05.227387041Z,2026-05-03T22:00:05.226967263Z,0,1,42005163,T,A,0,7273.250000000,2,0,12267,59366,MESM6
2026-05-03T22:00:05.309032513Z,2026-05-03T22:00:05.308692313Z,0,1,42005163,T,A,0,7273.500000000,1,0,13205,59494,MESM6
2026-05-03T22:00:05.311419563Z,2026-05-03T22:00:05.311099251Z,0,1,42005163,T,A,0,7273.250000000,2,0,12495,59497,MESM6
2026-05-03T22:00:05.311930142Z,2026-05-03T22:00:05.311626537Z,0,1,42005163,T,B,0,7273.500000000,1,0,12545,59506,MESM6
2026-05-03T22:00:05.505793803Z,2026-05-03T22:00:05.505498705Z,0,1,42005163,T,A,0,7273.500000000,1,0,12196,59850,MESM6
2026-05-03T22:00:05.607539799Z,2026-05-03T22:00:05.606985657Z,0,1,42005163,T,B,0,7273.750000000,2,0,12694,59921,MESM6
2026-05-03T22:00:05.607539799Z,2026-05-03T22:00:05.606985657Z,0,1,42005163,T,B,0,7274.000000000,3,0,12694,59921,MESM6
2026-05-03T22:00:05.645627848Z,2026-05-03T22:00:05.645223369Z,0,1,42005163,T,B,0,7273.750000000,1,0,12166,60049,MESM6
2026-05-03T22:00:05.647137466Z,2026-05-03T22:00:05.646822697Z,0,1,42005163,T,A,0,7274.000000000,2,0,12193,60090,MESM6
2026-05-03T22:00:05.647408863Z,2026-05-03T22:00:05.647142189Z,0,1,42005163,T,A,0,7274.000000000,2,0,12117,60092,MESM6
2026-05-03T22:00:05.647565123Z,2026-05-03T22:00:05.647143303Z,0,1,42005163,T,A,0,7274.000000000,1,0,12320,60094,MESM6
2026-05-03T22:00:05.649246553Z,2026-05-03T22:00:05.648939113Z,0,1,42005163,T,A,0,7274.000000000,1,0,12110,60157,MESM6
2026-05-03T22:00:05.655444297Z,2026-05-03T22:00:05.654935581Z,0,1,42005163,T,A,0,7273.750000000,4,0,12556,60408,MESM6
2026-05-03T22:00:05.655444297Z,2026-05-03T22:00:05.654935581Z,0,1,42005163,T,A,0,7273.500000000,1,0,12556,60408,MESM6
2026-05-03T22:00:05.656964377Z,2026-05-03T22:00:05.656654979Z,0,1,42005163,T,A,0,7274.000000000,1,0,12791,60464,MESM6
2026-05-03T22:00:05.720491869Z,2026-05-03T22:00:05.719993359Z,0,1,42005163,T,B,0,7274.250000000,1,0,12499,61853,MESM6
2026-05-03T22:00:05.910524003Z,2026-05-03T22:00:05.910205307Z,0,1,42005163,T,A,0,7273.750000000,1,0,12021,62051,MESM6
2026-05-03T22:00:05.924385437Z,2026-05-03T22:00:05.923993247Z,0,1,42005163,T,B,0,7274.250000000,1,0,12521,62082,MESM6
2026-05-03T22:00:05.925502698Z,2026-05-03T22:00:05.925214965Z,0,1,42005163,T,A,0,7274.000000000,1,0,12075,62087,MESM6
2026-05-03T22:00:05.926013335Z,2026-05-03T22:00:05.925731075Z,0,1,42005163,T,B,0,7274.000000000,1,0,12179,62090,MESM6
2026-05-03T22:00:05.927818367Z,2026-05-03T22:00:05.927381915Z,0,1,42005163,T,A,0,7273.750000000,2,0,12765,62096,MESM6
2026-05-03T22:00:05.927818367Z,2026-05-03T22:00:05.927381915Z,0,1,42005163,T,A,0,7273.500000000,1,0,12765,62096,MESM6
2026-05-03T22:00:05.928123516Z,2026-05-03T22:00:05.927821843Z,0,1,42005163,T,B,0,7273.750000000,1,0,12343,62098,MESM6
2026-05-03T22:00:05.939795433Z,2026-05-03T22:00:05.939452239Z,0,1,42005163,T,B,0,7274.000000000,1,0,12219,62110,MESM6
2026-05-03T22:00:05.957064396Z,2026-05-03T22:00:05.956756039Z,0,1,42005163,T,B,0,7274.250000000,1,0,12485,62151,MESM6
2026-05-03T22:00:06.068483030Z,2026-05-03T22:00:06.068164205Z,0,1,42005163,T,B,0,7274.250000000,1,0,12314,63527,MESM6
2026-05-03T22:00:06.069883213Z,2026-05-03T22:00:06.069519779Z,0,1,42005163,T,A,0,7274.000000000,1,0,74447,63544,MESM6
2026-05-03T22:00:06.094629534Z,2026-05-03T22:00:06.094313777Z,0,1,42005163,T,A,0,7274.000000000,1,0,12573,63622,MESM6
2026-05-03T22:00:06.253124306Z,2026-05-03T22:00:06.252815453Z,0,1,42005163,T,A,0,7274.000000000,1,0,12264,63856,MESM6
2026-05-03T22:00:06.293727709Z,2026-05-03T22:00:06.293368949Z,0,1,42005163,T,A,0,7274.000000000,1,0,13967,63893,MESM6
2026-05-03T22:00:06.321629871Z,2026-05-03T22:00:06.321170779Z,0,1,42005163,T,A,0,7274.250000000,3,0,12227,64005,MESM6
2026-05-03T22:00:06.323589570Z,2026-05-03T22:00:06.323219693Z,0,1,42005163,T,A,0,7274.000000000,1,0,12527,64016,MESM6
2026-05-03T22:00:06.349497662Z,2026-05-03T22:00:06.349125167Z,0,1,42005163,T,A,0,7274.250000000,1,0,12628,64135,MESM6
2026-05-03T22:00:06.374856852Z,2026-05-03T22:00:06.373914903Z,0,1,42005163,T,B,0,7274.500000000,2,0,13359,64169,MESM6
2026-05-03T22:00:06.374856852Z,2026-05-03T22:00:06.373914903Z,0,1,42005163,T,B,0,7274.750000000,6,0,13359,64169,MESM6
2026-05-03T22:00:06.374856852Z,2026-05-03T22:00:06.373914903Z,0,1,42005163,T,B,0,7275.000000000,12,0,13359,64169,MESM6
2026-05-03T22:00:06.604068235Z,2026-05-03T22:00:06.603687945Z,0,1,42005163,T,A,0,7274.250000000,1,0,12970,64398,MESM6
2026-05-03T22:00:06.757446641Z,2026-05-03T22:00:06.757097243Z,0,1,42005163,T,B,0,7274.750000000,1,0,12452,64737,MESM6
2026-05-03T22:00:06.757625402Z,2026-05-03T22:00:06.757192643Z,0,1,42005163,T,A,0,7274.500000000,1,0,13875,64739,MESM6
2026-05-03T22:00:06.758648940Z,2026-05-03T22:00:06.757333699Z,0,1,42005163,T,B,0,7274.750000000,2,0,12414,64746,MESM6
2026-05-03T22:00:06.759478183Z,2026-05-03T22:00:06.758321687Z,0,1,42005163,T,A,0,7274.500000000,2,0,12382,64764,MESM6
2026-05-03T22:00:06.759613689Z,2026-05-03T22:00:06.758602417Z,0,1,42005163,T,A,0,7274.250000000,2,0,12274,64766,MESM6
2026-05-03T22:00:06.761263748Z,2026-05-03T22:00:06.760900437Z,0,1,42005163,T,A,0,7274.500000000,4,0,12466,64842,MESM6
2026-05-03T22:00:06.801767167Z,2026-05-03T22:00:06.801357305Z,0,1,42005163,T,B,0,7275.000000000,2,0,12473,66455,MESM6
2026-05-03T22:00:06.822325419Z,2026-05-03T22:00:06.821832743Z,0,1,42005163,T,A,0,7274.500000000,1,0,12434,67333,MESM6
2026-05-03T22:00:06.865188799Z,2026-05-03T22:00:06.864745603Z,0,1,42005163,T,A,0,7274.250000000,1,0,12050,68633,MESM6
2026-05-03T22:00:06.866725986Z,2026-05-03T22:00:06.866370905Z,0,1,42005163,T,A,0,7274.000000000,3,0,12122,68649,MESM6
2026-05-03T22:00:06.868345787Z,2026-05-03T22:00:06.868033953Z,0,1,42005163,T,A,0,7273.750000000,2,0,12573,68663,MESM6
2026-05-03T22:00:06.870227327Z,2026-05-03T22:00:06.869746325Z,0,1,42005163,T,A,0,7273.500000000,11,0,12508,68669,MESM6
2026-05-03T22:00:06.871943832Z,2026-05-03T22:00:06.871641357Z,0,1,42005163,T,A,0,7273.500000000,2,0,12855,68684,MESM6
2026-05-03T22:00:06.872458366Z,2026-05-03T22:00:06.872154627Z,0,1,42005163,T,B,0,7273.750000000,1,0,12334,68687,MESM6
2026-05-03T22:00:06.873661318Z,2026-05-03T22:00:06.873250801Z,0,1,42005163,T,A,0,7273.750000000,1,0,12424,68703,MESM6
2026-05-03T22:00:06.873661318Z,2026-05-03T22:00:06.873250801Z,0,1,42005163,T,A,0,7273.250000000,13,0,12424,68703,MESM6
2026-05-03T22:00:06.875416836Z,2026-05-03T22:00:06.875087277Z,0,1,42005163,T,B,0,7273.500000000,1,0,12430,68727,MESM6
2026-05-03T22:00:06.925039531Z,2026-05-03T22:00:06.924680149Z,0,1,42005163,T,A,0,7273.500000000,1,0,12357,68793,MESM6
2026-05-03T22:00:06.926738700Z,2026-05-03T22:00:06.926351163Z,0,1,42005163,T,A,0,7273.500000000,1,0,12682,68810,MESM6
2026-05-03T22:00:06.926738700Z,2026-05-03T22:00:06.926351163Z,0,1,42005163,T,A,0,7273.250000000,1,0,12682,68810,MESM6
2026-05-03T22:00:07.012196231Z,2026-05-03T22:00:07.011740619Z,0,1,42005163,T,B,0,7274.000000000,3,0,12622,69058,MESM6
2026-05-03T22:00:07.031196886Z,2026-05-03T22:00:07.030842995Z,0,1,42005163,T,B,0,7274.000000000,1,0,12702,69093,MESM6
2026-05-03T22:00:07.034382728Z,2026-05-03T22:00:07.034052687Z,0,1,42005163,T,B,0,7274.250000000,1,0,12121,69099,MESM6
2026-05-03T22:00:07.058201201Z,2026-05-03T22:00:07.057645933Z,0,1,42005163,T,B,0,7274.250000000,1,0,12815,69986,MESM6
2026-05-03T22:00:07.060589959Z,2026-05-03T22:00:07.057937559Z,0,1,42005163,T,B,0,7274.500000000,7,0,12792,69995,MESM6
2026-05-03T22:00:07.060589959Z,2026-05-03T22:00:07.057937559Z,0,1,42005163,T,B,0,7274.750000000,10,0,12792,69995,MESM6
2026-05-03T22:00:07.153542836Z,2026-05-03T22:00:07.153063211Z,0,1,42005163,T,A,0,7274.250000000,1,0,12338,70412,MESM6
2026-05-03T22:00:07.155309374Z,2026-05-03T22:00:07.154949835Z,0,1,42005163,T,A,0,7274.250000000,1,0,12621,70423,MESM6
2026-05-03T22:00:07.155613582Z,2026-05-03T22:00:07.155323737Z,0,1,42005163,T,B,0,7274.250000000,1,0,12193,70425,MESM6
2026-05-03T22:00:07.189293459Z,2026-05-03T22:00:07.188679439Z,0,1,42005163,T,B,0,7274.750000000,1,0,12770,70536,MESM6
2026-05-03T22:00:07.190287935Z,2026-05-03T22:00:07.189323377Z,0,1,42005163,T,B,0,7275.000000000,2,0,12646,70553,MESM6
2026-05-03T22:00:07.190287935Z,2026-05-03T22:00:07.189323377Z,0,1,42005163,T,B,0,7275.250000000,2,0,12646,70553,MESM6
2026-05-03T22:00:07.192950606Z,2026-05-03T22:00:07.192533991Z,0,1,42005163,T,A,0,7274.500000000,1,0,12901,70657,MESM6
2026-05-03T22:00:07.268190971Z,2026-05-03T22:00:07.267756965Z,0,1,42005163,T,B,0,7275.000000000,2,0,12457,71465,MESM6
2026-05-03T22:00:07.273687108Z,2026-05-03T22:00:07.273084707Z,0,1,42005163,T,B,0,7275.000000000,1,0,12585,71553,MESM6
2026-05-03T22:00:07.274514667Z,2026-05-03T22:00:07.273238339Z,0,1,42005163,T,B,0,7275.000000000,1,0,12891,71562,MESM6
2026-05-03T22:00:07.275536872Z,2026-05-03T22:00:07.274938171Z,0,1,42005163,T,A,0,7275.000000000,1,0,12717,71599,MESM6
2026-05-03T22:00:07.277397390Z,2026-05-03T22:00:07.277037425Z,0,1,42005163,T,A,0,7275.000000000,4,0,12755,71666,MESM6
2026-05-03T22:00:07.279054150Z,2026-05-03T22:00:07.278714143Z,0,1,42005163,T,A,0,7275.000000000,4,0,12328,71687,MESM6
2026-05-03T22:00:07.350334452Z,2026-05-03T22:00:07.349889421Z,0,1,42005163,T,A,0,7274.750000000,1,0,13820,71880,MESM6
2026-05-03T22:00:07.387727233Z,2026-05-03T22:00:07.387065059Z,0,1,42005163,T,A,0,7274.750000000,1,0,12582,71957,MESM6
2026-05-03T22:00:07.390484362Z,2026-05-03T22:00:07.390133159Z,0,1,42005163,T,A,0,7274.250000000,2,0,12552,72052,MESM6
2026-05-03T22:00:07.506185583Z,2026-05-03T22:00:07.505858097Z,0,1,42005163,T,B,0,7274.500000000,2,0,12660,72456,MESM6
2026-05-03T22:00:07.507256945Z,2026-05-03T22:00:07.506966097Z,0,1,42005163,T,B,0,7274.250000000,1,0,12191,72491,MESM6
2026-05-03T22:00:07.507618903Z,2026-05-03T22:00:07.507271921Z,0,1,42005163,T,B,0,7274.500000000,1,0,14172,72494,MESM6
2026-05-03T22:00:07.507662659Z,2026-05-03T22:00:07.507316463Z,0,1,42005163,T,A,0,7274.000000000,1,0,12119,72495,MESM6
2026-05-03T22:00:07.509747958Z,2026-05-03T22:00:07.509455209Z,0,1,42005163,T,A,0,7274.250000000,2,0,12434,72501,MESM6
2026-05-03T22:00:07.627492390Z,2026-05-03T22:00:07.627111617Z,0,1,42005163,T,A,0,7274.500000000,1,0,12246,72821,MESM6
2026-05-03T22:00:07.665912929Z,2026-05-03T22:00:07.665633097Z,0,1,42005163,T,A,0,7274.750000000,1,0,12244,73059,MESM6
2026-05-03T22:00:07.701111876Z,2026-05-03T22:00:07.700828285Z,0,1,42005163,T,B,0,7275.250000000,1,0,12447,73113,MESM6
2026-05-03T22:00:07.713470444Z,2026-05-03T22:00:07.713195371Z,0,1,42005163,T,A,0,7275.000000000,1,0,12735,73170,MESM6
2026-05-03T22:00:07.802341110Z,2026-05-03T22:00:07.801956791Z,0,1,42005163,T,B,0,7275.500000000,2,0,12417,73281,MESM6
2026-05-03T22:00:07.803003629Z,2026-05-03T22:00:07.802716079Z,0,1,42005163,T,A,0,7275.250000000,1,0,12330,73293,MESM6
2026-05-03T22:00:07.803571132Z,2026-05-03T22:00:07.803245877Z,0,1,42005163,T,A,0,7275.250000000,1,0,12280,73300,MESM6
2026-05-03T22:00:07.813067955Z,2026-05-03T22:00:07.812752159Z,0,1,42005163,T,A,0,7275.000000000,1,0,12360,73377,MESM6
2026-05-03T22:00:07.855483726Z,2026-05-03T22:00:07.855185481Z,0,1,42005163,T,A,0,7275.000000000,1,0,12582,73435,MESM6
2026-05-03T22:00:07.856198294Z,2026-05-03T22:00:07.855903989Z,0,1,42005163,T,B,0,7275.250000000,1,0,12492,73442,MESM6
2026-05-03T22:00:07.897387114Z,2026-05-03T22:00:07.897068227Z,0,1,42005163,T,A,0,7275.000000000,1,0,12279,73490,MESM6
2026-05-03T22:00:07.897691380Z,2026-05-03T22:00:07.897395843Z,0,1,42005163,T,B,0,7275.250000000,1,0,12220,73492,MESM6
2026-05-03T22:00:07.947587158Z,2026-05-03T22:00:07.947311319Z,0,1,42005163,T,A,0,7275.000000000,1,0,12328,73538,MESM6
2026-05-03T22:00:07.996869547Z,2026-05-03T22:00:07.996501737Z,0,1,42005163,T,A,0,7274.750000000,1,0,12621,73571,MESM6
2026-05-03T22:00:08.017887459Z,2026-05-03T22:00:08.016696045Z,0,1,42005163,T,B,0,7275.500000000,1,0,12470,73655,MESM6
2026-05-03T22:00:08.019509025Z,2026-05-03T22:00:08.019226855Z,0,1,42005163,T,A,0,7275.250000000,2,0,12308,73660,MESM6
2026-05-03T22:00:08.053503387Z,2026-05-03T22:00:08.053198733Z,0,1,42005163,T,B,0,7275.500000000,2,0,12571,73863,MESM6
2026-05-03T22:00:08.118361022Z,2026-05-03T22:00:08.117999301Z,0,1,42005163,T,A,0,7275.250000000,1,0,12574,74081,MESM6
2026-05-03T22:00:08.323936692Z,2026-05-03T22:00:08.323350521Z,0,1,42005163,T,B,0,7275.750000000,3,0,12845,74286,MESM6
2026-05-03T22:00:08.323948172Z,2026-05-03T22:00:08.323350521Z,0,1,42005163,T,B,0,7276.000000000,2,0,12299,74287,MESM6
2026-05-03T22:00:08.340158212Z,2026-05-03T22:00:08.339845961Z,0,1,42005163,T,A,0,7275.500000000,1,0,12477,74452,MESM6
2026-05-03T22:00:08.341788611Z,2026-05-03T22:00:08.341518993Z,0,1,42005163,T,A,0,7275.500000000,1,0,12255,74458,MESM6
2026-05-03T22:00:08.386976041Z,2026-05-03T22:00:08.386649295Z,0,1,42005163,T,B,0,7275.750000000,1,0,12345,74478,MESM6
2026-05-03T22:00:08.387080292Z,2026-05-03T22:00:08.386741603Z,0,1,42005163,T,A,0,7275.250000000,1,0,12104,74480,MESM6
2026-05-03T22:00:08.388814500Z,2026-05-03T22:00:08.388517831Z,0,1,42005163,T,A,0,7275.250000000,1,0,12332,74485,MESM6
2026-05-03T22:00:08.448011228Z,2026-05-03T22:00:08.447699367Z,0,1,42005163,T,A,0,7275.250000000,1,0,12238,74619,MESM6
2026-05-03T22:00:08.472582911Z,2026-05-03T22:00:08.472184529Z,0,1,42005163,T,B,0,7275.750000000,1,0,12550,74653,MESM6
2026-05-03T22:00:08.475005690Z,2026-05-03T22:00:08.472344611Z,0,1,42005163,T,B,0,7275.750000000,1,0,12867,74669,MESM6
2026-05-03T22:00:08.476281771Z,2026-05-03T22:00:08.475373371Z,0,1,42005163,T,B,0,7276.000000000,2,0,12643,74721,MESM6
2026-05-03T22:00:08.477108211Z,2026-05-03T22:00:08.476595011Z,0,1,42005163,T,A,0,7275.750000000,1,0,12263,74760,MESM6
2026-05-03T22:00:08.479101336Z,2026-05-03T22:00:08.478655963Z,0,1,42005163,T,A,0,7276.000000000,1,0,12532,74858,MESM6
2026-05-03T22:00:08.480336292Z,2026-05-03T22:00:08.479944473Z,0,1,42005163,T,B,0,7276.500000000,5,0,12649,74896,MESM6
2026-05-03T22:00:08.481174463Z,2026-05-03T22:00:08.480598627Z,0,1,42005163,T,A,0,7276.000000000,1,0,13006,74924,MESM6
2026-05-03T22:00:08.481174463Z,2026-05-03T22:00:08.480598627Z,0,1,42005163,T,A,0,7275.750000000,1,0,13006,74924,MESM6
2026-05-03T22:00:08.486090578Z,2026-05-03T22:00:08.485777537Z,0,1,42005163,T,A,0,7276.000000000,1,0,12207,74975,MESM6
2026-05-03T22:00:08.497783381Z,2026-05-03T22:00:08.497411563Z,0,1,42005163,T,B,0,7276.500000000,3,0,12383,75017,MESM6
2026-05-03T22:00:08.500222460Z,2026-05-03T22:00:08.499799051Z,0,1,42005163,T,A,0,7276.000000000,1,0,12243,75189,MESM6
2026-05-03T22:00:08.514477506Z,2026-05-03T22:00:08.513912549Z,0,1,42005163,T,B,0,7276.500000000,3,0,13020,75362,MESM6
2026-05-03T22:00:08.514477506Z,2026-05-03T22:00:08.513912549Z,0,1,42005163,T,B,0,7277.000000000,2,0,13020,75362,MESM6
2026-05-03T22:00:08.515147761Z,2026-05-03T22:00:08.514858569Z,0,1,42005163,T,A,0,7276.500000000,1,0,12539,75388,MESM6
2026-05-03T22:00:08.516031838Z,2026-05-03T22:00:08.515740251Z,0,1,42005163,T,B,0,7276.250000000,1,0,12179,75397,MESM6
2026-05-03T22:00:08.626595795Z,2026-05-03T22:00:08.626204415Z,0,1,42005163,T,B,0,7276.750000000,1,0,12627,75694,MESM6
2026-05-03T22:00:08.855390139Z,2026-05-03T22:00:08.855061985Z,0,1,42003239,T,B,0,7333.750000000,1,0,12857,76164,MESU6
2026-05-03T22:00:08.855805625Z,2026-05-03T22:00:08.855520345Z,0,1,42005163,T,B,0,7276.750000000,1,0,12291,76168,MESM6
2026-05-03T22:00:08.856726083Z,2026-05-03T22:00:08.856442305Z,0,1,42005163,T,A,0,7276.250000000,1,0,12276,76170,MESM6
2026-05-03T22:00:09.009149582Z,2026-05-03T22:00:09.008647893Z,0,1,42005163,T,B,0,7276.500000000,3,0,13955,77329,MESM6
2026-05-03T22:00:09.009149582Z,2026-05-03T22:00:09.008647893Z,0,1,42005163,T,B,0,7276.750000000,2,0,13955,77329,MESM6
2026-05-03T22:00:09.087133822Z,2026-05-03T22:00:09.086542195Z,0,1,42005163,T,A,0,7276.250000000,1,0,13565,77521,MESM6
2026-05-03T22:00:09.087133822Z,2026-05-03T22:00:09.086542195Z,0,1,42005163,T,A,0,7276.000000000,2,0,13565,77521,MESM6
2026-05-03T22:00:09.087133822Z,2026-05-03T22:00:09.086542195Z,0,1,42005163,T,A,0,7275.750000000,8,0,13565,77521,MESM6
2026-05-03T22:00:09.087133822Z,2026-05-03T22:00:09.086542195Z,0,1,42005163,T,A,0,7275.500000000,9,0,13565,77521,MESM6
2026-05-03T22:00:09.134759550Z,2026-05-03T22:00:09.134460001Z,0,1,42005163,T,B,0,7276.500000000,1,0,12508,77670,MESM6
2026-05-03T22:00:09.552399201Z,2026-05-03T22:00:09.552076417Z,0,1,42005163,T,A,0,7275.750000000,1,0,12188,78314,MESM6
2026-05-03T22:00:09.552639209Z,2026-05-03T22:00:09.552143461Z,0,1,42005163,T,B,0,7276.500000000,2,0,12222,78316,MESM6
2026-05-03T22:00:09.554226620Z,2026-05-03T22:00:09.553440055Z,0,1,42005163,T,A,0,7276.250000000,1,0,12671,78351,MESM6
2026-05-03T22:00:09.554226620Z,2026-05-03T22:00:09.553440055Z,0,1,42005163,T,A,0,7276.000000000,3,0,12671,78351,MESM6
2026-05-03T22:00:09.554226620Z,2026-05-03T22:00:09.553440055Z,0,1,42005163,T,A,0,7275.750000000,2,0,12671,78351,MESM6
2026-05-03T22:00:09.556173918Z,2026-05-03T22:00:09.555859433Z,0,1,42005163,T,A,0,7276.500000000,1,0,12251,78480,MESM6
2026-05-03T22:00:09.557815758Z,2026-05-03T22:00:09.557514341Z,0,1,42005163,T,A,0,7276.250000000,2,0,12444,78564,MESM6
2026-05-03T22:00:09.559645269Z,2026-05-03T22:00:09.559162723Z,0,1,42005163,T,A,0,7276.000000000,4,0,12216,78600,MESM6
2026-05-03T22:00:09.561187697Z,2026-05-03T22:00:09.560885153Z,0,1,42005163,T,A,0,7276.250000000,1,0,12275,78671,MESM6
2026-05-03T22:00:09.599858378Z,2026-05-03T22:00:09.599300131Z,0,1,42005163,T,B,0,7276.750000000,3,0,12534,78728,MESM6
2026-05-03T22:00:09.603986874Z,2026-05-03T22:00:09.603511657Z,0,1,42005163,T,A,0,7276.500000000,1,0,12568,78930,MESM6
2026-05-03T22:00:09.608049881Z,2026-05-03T22:00:09.607758929Z,0,1,42005163,T,A,0,7276.500000000,1,0,12274,78948,MESM6
2026-05-03T22:00:09.660666236Z,2026-05-03T22:00:09.660355525Z,0,1,42005163,T,B,0,7277.000000000,1,0,11343,78988,MESM6
2026-05-03T22:00:09.743563958Z,2026-05-03T22:00:09.743083347Z,0,1,42005163,T,A,0,7276.250000000,1,0,13552,79108,MESM6
2026-05-03T22:00:09.756548179Z,2026-05-03T22:00:09.756022913Z,0,1,42005163,T,B,0,7276.500000000,2,0,12555,79159,MESM6
2026-05-03T22:00:09.756548179Z,2026-05-03T22:00:09.756022913Z,0,1,42005163,T,B,0,7276.750000000,3,0,12555,79159,MESM6
2026-05-03T22:00:09.825808137Z,2026-05-03T22:00:09.825493997Z,0,1,42005163,T,A,0,7276.000000000,1,0,12378,79188,MESM6
2026-05-03T22:00:09.981126194Z,2026-05-03T22:00:09.980778607Z,0,1,42005163,T,A,0,7276.000000000,1,0,12173,79511,MESM6
2026-05-03T22:00:10.152224532Z,2026-05-03T22:00:10.151897611Z,0,1,42005163,T,B,0,7276.250000000,1,0,12241,79774,MESM6
2026-05-03T22:00:10.163907814Z,2026-05-03T22:00:10.163603269Z,0,1,42005163,T,A,0,7276.250000000,1,0,12196,79788,MESM6
2026-05-03T22:00:10.164295825Z,2026-05-03T22:00:10.163834773Z,0,1,42005163,T,A,0,7276.000000000,2,0,12367,79790,MESM6
2026-05-03T22:00:10.164295825Z,2026-05-03T22:00:10.163834773Z,0,1,42005163,T,A,0,7275.750000000,1,0,12367,79790,MESM6
2026-05-03T22:00:10.237564174Z,2026-05-03T22:00:10.237243523Z,0,1,42005163,T,B,0,7276.250000000,1,0,12292,79911,MESM6
2026-05-03T22:00:10.532188803Z,2026-05-03T22:00:10.531824739Z,0,1,42005163,T,B,0,7276.250000000,1,0,12925,80399,MESM6
2026-05-03T22:00:10.552809871Z,2026-05-03T22:00:10.552499523Z,0,1,42005163,T,B,0,7276.250000000,1,0,12591,80405,MESM6
2026-05-03T22:00:10.575492548Z,2026-05-03T22:00:10.575114151Z,0,1,42005163,T,B,0,7276.250000000,3,0,12230,80490,MESM6
2026-05-03T22:00:10.575997673Z,2026-05-03T22:00:10.575711399Z,0,1,42005163,T,A,0,7276.000000000,1,0,12524,80495,MESM6
2026-05-03T22:00:10.620098849Z,2026-05-03T22:00:10.619762901Z,0,1,42005163,T,B,0,7276.250000000,1,0,12260,80528,MESM6
2026-05-03T22:00:11.083082638Z,2026-05-03T22:00:11.082800697Z,0,1,42005163,T,A,0,7276.000000000,1,0,12646,81084,MESM6
2026-05-03T22:00:11.144170687Z,2026-05-03T22:00:11.143922843Z,0,1,42005163,T,A,0,7276.000000000,1,0,13015,81199,MESM6
2026-05-03T22:00:11.246211643Z,2026-05-03T22:00:11.245650037Z,0,1,42005163,T,B,0,7276.250000000,1,0,12263,81295,MESM6
2026-05-03T22:00:11.249337988Z,2026-05-03T22:00:11.248944167Z,0,1,42005163,T,B,0,7276.500000000,1,0,12356,81360,MESM6
2026-05-03T22:00:11.306105721Z,2026-05-03T22:00:11.305676371Z,0,1,42005163,T,B,0,7276.750000000,1,0,12565,81419,MESM6
2026-05-03T22:00:11.306115283Z,2026-05-03T22:00:11.305676371Z,0,1,42005163,T,B,0,7276.750000000,1,0,11264,81420,MESM6
2026-05-03T22:00:11.316919768Z,2026-05-03T22:00:11.316551763Z,0,1,42005163,T,B,0,7276.750000000,2,0,12419,81439,MESM6
2026-05-03T22:00:11.376904467Z,2026-05-03T22:00:11.376501879Z,0,1,42005163,T,A,0,7276.250000000,2,0,12439,81466,MESM6
2026-05-03T22:00:11.376904467Z,2026-05-03T22:00:11.376501879Z,0,1,42005163,T,A,0,7276.000000000,1,0,12439,81466,MESM6
2026-05-03T22:00:11.680918190Z,2026-05-03T22:00:11.680674981Z,0,1,42005163,T,B,0,7276.500000000,1,0,12550,81615,MESM6
2026-05-03T22:00:11.789353641Z,2026-05-03T22:00:11.789052755Z,0,1,42005163,T,A,0,7276.000000000,1,0,12233,81769,MESM6
2026-05-03T22:00:11.820272729Z,2026-05-03T22:00:11.819730695Z,0,1,42005163,T,B,0,7276.750000000,4,0,13118,81803,MESM6
2026-05-03T22:00:11.820272729Z,2026-05-03T22:00:11.819730695Z,0,1,42005163,T,B,0,7277.000000000,2,0,13118,81803,MESM6
2026-05-03T22:00:11.876903290Z,2026-05-03T22:00:11.876598829Z,0,1,42005163,T,B,0,7276.750000000,1,0,12670,81885,MESM6
2026-05-03T22:00:11.912148796Z,2026-05-03T22:00:11.911616933Z,0,1,42005163,T,B,0,7277.000000000,5,0,12845,81922,MESM6
2026-05-03T22:00:11.918999919Z,2026-05-03T22:00:11.918672513Z,0,1,42005163,T,A,0,7276.750000000,1,0,12250,82059,MESM6
2026-05-03T22:00:11.979931422Z,2026-05-03T22:00:11.979419721Z,0,1,42005163,T,B,0,7277.250000000,1,0,12852,82093,MESM6
2026-05-03T22:00:11.979939332Z,2026-05-03T22:00:11.979419721Z,0,1,42005163,T,B,0,7277.250000000,3,0,11170,82094,MESM6
2026-05-03T22:00:11.979939332Z,2026-05-03T22:00:11.979419721Z,0,1,42005163,T,B,0,7277.250000000,1,0,11170,82094,MESM6
2026-05-03T22:00:11.980469704Z,2026-05-03T22:00:11.980111965Z,0,1,42005163,T,A,0,7277.000000000,1,0,12259,82105,MESM6
2026-05-03T22:00:12.068473407Z,2026-05-03T22:00:12.068174073Z,0,1,42005163,T,A,0,7276.750000000,1,0,12244,82212,MESM6
2026-05-03T22:00:12.112767439Z,2026-05-03T22:00:12.112473801Z,0,1,42005163,T,B,0,7277.000000000,1,0,12193,82285,MESM6
2026-05-03T22:00:12.215619670Z,2026-05-03T22:00:12.215238839Z,0,1,42005163,T,A,0,7276.750000000,1,0,12535,82409,MESM6
2026-05-03T22:00:12.221399491Z,2026-05-03T22:00:12.221094365Z,0,1,42005163,T,A,0,7276.750000000,1,0,12693,82411,MESM6
2026-05-03T22:00:12.235792385Z,2026-05-03T22:00:12.235211339Z,0,1,42005163,T,B,0,7277.250000000,4,0,12834,82420,MESM6
2026-05-03T22:00:12.235792385Z,2026-05-03T22:00:12.235211339Z,0,1,42005163,T,B,0,7277.500000000,5,0,12834,82420,MESM6
2026-05-03T22:00:12.235792385Z,2026-05-03T22:00:12.235211339Z,0,1,42005163,T,B,0,7277.750000000,1,0,12834,82420,MESM6
2026-05-03T22:00:12.236200286Z,2026-05-03T22:00:12.235800907Z,0,1,42005163,T,B,0,7277.250000000,1,0,12211,82425,MESM6
2026-05-03T22:00:12.236375785Z,2026-05-03T22:00:12.235830723Z,0,1,42005163,T,A,0,7277.250000000,1,0,12973,82428,MESM6
2026-05-03T22:00:12.290344671Z,2026-05-03T22:00:12.289606607Z,0,1,42005163,T,A,0,7277.000000000,1,0,13753,82538,MESM6
2026-05-03T22:00:12.290344671Z,2026-05-03T22:00:12.289606607Z,0,1,42005163,T,A,0,7276.750000000,3,0,13753,82538,MESM6
2026-05-03T22:00:12.290344671Z,2026-05-03T22:00:12.289606607Z,0,1,42005163,T,A,0,7276.500000000,3,0,13753,82538,MESM6
2026-05-03T22:00:12.290344671Z,2026-05-03T22:00:12.289606607Z,0,1,42005163,T,A,0,7276.250000000,13,0,13753,82538,MESM6
2026-05-03T22:00:12.290344671Z,2026-05-03T22:00:12.289606607Z,0,1,42005163,T,A,0,7276.000000000,8,0,13753,82538,MESM6
2026-05-03T22:00:12.290632554Z,2026-05-03T22:00:12.290336963Z,0,1,42005163,T,B,0,7276.000000000,2,0,13567,82542,MESM6
2026-05-03T22:00:12.290764476Z,2026-05-03T22:00:12.290338037Z,0,1,42005163,T,B,0,7276.000000000,2,0,12501,82544,MESM6
2026-05-03T22:00:12.290815854Z,2026-05-03T22:00:12.290347925Z,0,1,42005163,T,B,0,7276.000000000,1,0,11566,82545,MESM6
2026-05-03T22:00:12.290941300Z,2026-05-03T22:00:12.290348343Z,0,1,42005163,T,B,0,7276.000000000,7,0,12353,82546,MESM6
2026-05-03T22:00:12.293569553Z,2026-05-03T22:00:12.293004067Z,0,1,42005163,T,B,0,7277.000000000,1,0,13080,82614,MESM6
2026-05-03T22:00:12.362143188Z,2026-05-03T22:00:12.361743703Z,0,1,42005163,T,A,0,7276.750000000,1,0,16128,82716,MESM6
2026-05-03T22:00:12.362143188Z,2026-05-03T22:00:12.361743703Z,0,1,42005163,T,A,0,7276.500000000,1,0,16128,82716,MESM6
2026-05-03T22:00:12.471550918Z,2026-05-03T22:00:12.471027983Z,0,1,42005163,T,B,0,7277.250000000,1,0,13059,82815,MESM6
2026-05-03T22:00:12.603435617Z,2026-05-03T22:00:12.603117843Z,0,1,42005163,T,A,0,7277.000000000,1,0,12543,82934,MESM6
2026-05-03T22:00:12.616802057Z,2026-05-03T22:00:12.616365539Z,0,1,42005163,T,A,0,7277.000000000,1,0,12416,82948,MESM6
2026-05-03T22:00:12.619637078Z,2026-05-03T22:00:12.619344477Z,0,1,42005163,T,B,0,7277.000000000,1,0,12140,83009,MESM6
2026-05-03T22:00:12.620210724Z,2026-05-03T22:00:12.619901367Z,0,1,42005163,T,B,0,7277.250000000,1,0,12539,83013,MESM6
2026-05-03T22:00:12.823208494Z,2026-05-03T22:00:12.822882877Z,0,1,42005163,T,A,0,7276.750000000,1,0,12224,83113,MESM6
2026-05-03T22:00:12.829716223Z,2026-05-03T22:00:12.829368785Z,0,1,42005163,T,B,0,7277.250000000,3,0,12693,83116,MESM6
2026-05-03T22:00:12.871576508Z,2026-05-03T22:00:12.871260291Z,0,1,42005163,T,B,0,7277.250000000,1,0,13139,83132,MESM6
2026-05-03T22:00:12.882549753Z,2026-05-03T22:00:12.882268269Z,0,1,42005163,T,A,0,7276.750000000,1,0,12511,83139,MESM6
2026-05-03T22:00:12.960089110Z,2026-05-03T22:00:12.959788055Z,0,1,42005163,T,B,0,7277.250000000,1,0,13108,83245,MESM6
2026-05-03T22:00:13.018871701Z,2026-05-03T22:00:13.018532945Z,0,1,42005163,T,B,0,7277.000000000,1,0,12128,83289,MESM6
2026-05-03T22:00:13.019351619Z,2026-05-03T22:00:13.019002747Z,0,1,42005163,T,B,0,7277.000000000,1,0,12451,83298,MESM6
2026-05-03T22:00:13.120948935Z,2026-05-03T22:00:13.120630911Z,0,1,42005163,T,B,0,7277.750000000,1,0,12811,83476,MESM6
2026-05-03T22:00:13.126475502Z,2026-05-03T22:00:13.126128007Z,0,1,42005163,T,A,0,7277.250000000,1,0,12337,83489,MESM6
2026-05-03T22:00:13.182624047Z,2026-05-03T22:00:13.182318531Z,0,1,42005163,T,A,0,7277.000000000,1,0,12770,83508,MESM6
2026-05-03T22:00:13.226796335Z,2026-05-03T22:00:13.226478217Z,0,1,42005163,T,B,0,7277.750000000,1,0,12462,83532,MESM6
2026-05-03T22:00:13.233996862Z,2026-05-03T22:00:13.233638749Z,0,1,42005163,T,B,0,7277.750000000,1,0,13173,83539,MESM6
2026-05-03T22:00:13.241759708Z,2026-05-03T22:00:13.241275589Z,0,1,42005163,T,A,0,7277.250000000,1,0,12304,83557,MESM6
2026-05-03T22:00:13.287393827Z,2026-05-03T22:00:13.287053209Z,0,1,42005163,T,B,0,7277.500000000,2,0,12578,83648,MESM6
2026-05-03T22:00:13.374541635Z,2026-05-03T22:00:13.374173715Z,0,1,42005163,T,B,0,7277.750000000,1,0,12614,83941,MESM6
2026-05-03T22:00:13.398576534Z,2026-05-03T22:00:13.398227817Z,0,1,42005163,T,B,0,7277.750000000,1,0,13113,84057,MESM6
2026-05-03T22:00:13.410700452Z,2026-05-03T22:00:13.410256903Z,0,1,42005163,T,A,0,7277.250000000,1,0,12905,84091,MESM6
2026-05-03T22:00:13.471839049Z,2026-05-03T22:00:13.471368009Z,0,1,42005163,T,B,0,7277.750000000,1,0,12724,84186,MESM6
2026-05-03T22:00:13.477360911Z,2026-05-03T22:00:13.477008793Z,0,1,42005163,T,A,0,7277.750000000,2,0,12417,84403,MESM6
2026-05-03T22:00:13.781084582Z,2026-05-03T22:00:13.780729623Z,0,1,42005163,T,B,0,7277.750000000,1,0,12885,86031,MESM6
2026-05-03T22:00:13.787123895Z,2026-05-03T22:00:13.786782343Z,0,1,42005163,T,A,0,7277.250000000,1,0,12233,86104,MESM6
2026-05-03T22:00:13.808517607Z,2026-05-03T22:00:13.807996275Z,0,1,42005163,T,A,0,7277.250000000,3,0,12649,86676,MESM6
2026-05-03T22:00:13.808517607Z,2026-05-03T22:00:13.807996275Z,0,1,42005163,T,A,0,7277.000000000,2,0,12649,86676,MESM6
2026-05-03T22:00:13.826670817Z,2026-05-03T22:00:13.826256191Z,0,1,42005163,T,B,0,7277.750000000,3,0,12221,87013,MESM6
2026-05-03T22:00:13.906496681Z,2026-05-03T22:00:13.906201655Z,0,1,42005163,T,A,0,7277.500000000,1,0,12379,88095,MESM6
2026-05-03T22:00:13.954303588Z,2026-05-03T22:00:13.953931751Z,0,1,42005163,T,B,0,7277.750000000,1,0,12767,88314,MESM6
2026-05-03T22:00:13.980940278Z,2026-05-03T22:00:13.980422741Z,0,1,42005163,T,B,0,7277.750000000,3,0,13449,88388,MESM6
2026-05-03T22:00:13.980940278Z,2026-05-03T22:00:13.980422741Z,0,1,42005163,T,B,0,7278.000000000,2,0,13449,88388,MESM6
2026-05-03T22:00:14.054047782Z,2026-05-03T22:00:14.053611257Z,0,1,42005163,T,A,0,7277.250000000,1,0,12240,89616,MESM6
2026-05-03T22:00:14.396057438Z,2026-05-03T22:00:14.395655697Z,0,1,42005163,T,B,0,7277.750000000,1,0,12511,94722,MESM6
2026-05-03T22:00:14.498623078Z,2026-05-03T22:00:14.498229089Z,0,1,42005163,T,B,0,7277.250000000,1,0,12389,95676,MESM6
2026-05-03T22:00:14.614093040Z,2026-05-03T22:00:14.613609039Z,0,1,42005163,T,B,0,7277.500000000,1,0,12224,95855,MESM6
2026-05-03T22:00:14.715095423Z,2026-05-03T22:00:14.714452495Z,0,1,42005163,T,A,0,7277.000000000,3,0,13890,96037,MESM6
2026-05-03T22:00:14.715095423Z,2026-05-03T22:00:14.714452495Z,0,1,42005163,T,A,0,7276.750000000,3,0,13890,96037,MESM6
2026-05-03T22:00:14.715095423Z,2026-05-03T22:00:14.714452495Z,0,1,42005163,T,A,0,7276.500000000,16,0,13890,96037,MESM6
2026-05-03T22:00:14.715095423Z,2026-05-03T22:00:14.714452495Z,0,1,42005163,T,A,0,7276.250000000,6,0,13890,96037,MESM6
2026-05-03T22:00:14.759518972Z,2026-05-03T22:00:14.759169557Z,0,1,42005163,T,A,0,7276.750000000,1,0,12243,96799,MESM6
2026-05-03T22:00:14.780929045Z,2026-05-03T22:00:14.780002313Z,0,1,42005163,T,B,0,7277.250000000,2,0,12455,97511,MESM6
2026-05-03T22:00:14.864091667Z,2026-05-03T22:00:14.863717253Z,0,1,42005163,T,B,0,7277.500000000,1,0,12427,98155,MESM6
2026-05-03T22:00:14.928524761Z,2026-05-03T22:00:14.928168569Z,0,1,42005163,T,A,0,7277.000000000,2,0,12282,99863,MESM6
2026-05-03T22:00:15.026394873Z,2026-05-03T22:00:15.026113897Z,0,1,42005163,T,A,0,7277.000000000,3,0,11266,101388,MESM6
2026-05-03T22:00:15.037405058Z,2026-05-03T22:00:15.036964231Z,0,1,42005163,T,B,0,7277.250000000,2,0,12232,101884,MESM6
2026-05-03T22:00:15.198190156Z,2026-05-03T22:00:15.197754347Z,0,1,42005163,T,B,0,7277.500000000,1,0,12337,103284,MESM6
2026-05-03T22:00:15.198612169Z,2026-05-03T22:00:15.198331187Z,0,1,42005163,T,B,0,7277.500000000,1,0,12858,103287,MESM6
2026-05-03T22:00:15.338905654Z,2026-05-03T22:00:15.338272535Z,0,1,42005163,T,B,0,7277.750000000,4,0,11870,103428,MESM6
2026-05-03T22:00:15.348436345Z,2026-05-03T22:00:15.348145097Z,0,1,42005163,T,B,0,7278.000000000,1,0,12532,103567,MESM6
2026-05-03T22:00:15.377401569Z,2026-05-03T22:00:15.376869889Z,0,1,42005163,T,B,0,7278.000000000,2,0,12740,103641,MESM6
2026-05-03T22:00:15.377401569Z,2026-05-03T22:00:15.376869889Z,0,1,42005163,T,B,0,7278.250000000,2,0,12740,103641,MESM6
2026-05-03T22:00:15.377413588Z,2026-05-03T22:00:15.376869889Z,0,1,42005163,T,B,0,7278.250000000,1,0,13438,103642,MESM6
2026-05-03T22:00:15.391085522Z,2026-05-03T22:00:15.390815085Z,0,1,42005163,T,B,0,7278.000000000,1,0,12666,103670,MESM6
2026-05-03T22:00:15.469554926Z,2026-05-03T22:00:15.469246773Z,0,1,42005163,T,A,0,7277.750000000,1,0,12193,103873,MESM6
2026-05-03T22:00:15.469932435Z,2026-05-03T22:00:15.469487857Z,0,1,42005163,T,A,0,7277.750000000,1,0,12295,103877,MESM6
2026-05-03T22:00:15.470934220Z,2026-05-03T22:00:15.470566887Z,0,1,42005163,T,A,0,7277.750000000,1,0,12324,103896,MESM6
2026-05-03T22:00:15.471015815Z,2026-05-03T22:00:15.470624811Z,0,1,42005163,T,A,0,7277.750000000,1,0,11000,103898,MESM6
2026-05-03T22:00:15.546297281Z,2026-05-03T22:00:15.545977589Z,0,1,42005163,T,A,0,7277.500000000,2,0,13004,104023,MESM6
2026-05-03T22:00:15.574381903Z,2026-05-03T22:00:15.574047211Z,0,1,42005163,T,B,0,7278.000000000,1,0,12208,104037,MESM6
2026-05-03T22:00:15.635176724Z,2026-05-03T22:00:15.634810235Z,0,1,42005163,T,B,0,7278.250000000,1,0,12511,104204,MESM6
2026-05-03T22:00:15.636008483Z,2026-05-03T22:00:15.634983965Z,0,1,42005163,T,B,0,7278.250000000,1,0,11427,104208,MESM6
2026-05-03T22:00:15.638079767Z,2026-05-03T22:00:15.636936215Z,0,1,42005163,T,B,0,7278.500000000,6,0,12525,104322,MESM6
2026-05-03T22:00:15.640787460Z,2026-05-03T22:00:15.640484253Z,0,1,42005163,T,A,0,7278.500000000,1,0,12203,104454,MESM6
2026-05-03T22:00:15.718985079Z,2026-05-03T22:00:15.718558009Z,0,1,42005163,T,B,0,7278.750000000,2,0,12526,104531,MESM6
2026-05-03T22:00:15.720219537Z,2026-05-03T22:00:15.719933265Z,0,1,42005163,T,B,0,7278.750000000,1,0,12233,104568,MESM6
2026-05-03T22:00:15.725173359Z,2026-05-03T22:00:15.724653067Z,0,1,42005163,T,A,0,7278.500000000,1,0,12571,104669,MESM6
2026-05-03T22:00:15.725249521Z,2026-05-03T22:00:15.724737311Z,0,1,42005163,T,B,0,7278.750000000,1,0,12533,104670,MESM6
2026-05-03T22:00:15.725736196Z,2026-05-03T22:00:15.724777379Z,0,1,42005163,T,A,0,7278.500000000,1,0,12267,104676,MESM6
2026-05-03T22:00:15.774904449Z,2026-05-03T22:00:15.774602697Z,0,1,42005163,T,A,0,7278.250000000,1,0,12245,104787,MESM6
2026-05-03T22:00:15.776160313Z,2026-05-03T22:00:15.775891053Z,0,1,42005163,T,A,0,7278.250000000,1,0,12952,104791,MESM6
2026-05-03T22:00:15.776248743Z,2026-05-03T22:00:15.775985745Z,0,1,42005163,T,A,0,7278.250000000,1,0,10888,104793,MESM6
2026-05-03T22:00:15.776362363Z,2026-05-03T22:00:15.776058931Z,0,1,42005163,T,A,0,7278.250000000,1,0,12532,104795,MESM6
2026-05-03T22:00:15.838073283Z,2026-05-03T22:00:15.837802515Z,0,1,42005163,T,A,0,7278.250000000,1,0,12241,104897,MESM6
2026-05-03T22:00:15.840745955Z,2026-05-03T22:00:15.840488821Z,0,1,42005163,T,A,0,7278.250000000,1,0,12248,104901,MESM6
2026-05-03T22:00:16.017160121Z,2026-05-03T22:00:16.016846039Z,0,1,42005163,T,B,0,7278.750000000,1,0,12658,105359,MESM6
2026-05-03T22:00:16.063959639Z,2026-05-03T22:00:16.063170085Z,0,1,42005163,T,B,0,7279.000000000,17,0,13659,105425,MESM6
2026-05-03T22:00:16.063959639Z,2026-05-03T22:00:16.063170085Z,0,1,42005163,T,B,0,7279.250000000,8,0,13659,105425,MESM6
2026-05-03T22:00:16.063959639Z,2026-05-03T22:00:16.063170085Z,0,1,42005163,T,B,0,7279.500000000,5,0,13659,105425,MESM6
2026-05-03T22:00:16.063968959Z,2026-05-03T22:00:16.063170085Z,0,1,42005163,T,B,0,7279.500000000,1,0,13872,105426,MESM6
2026-05-03T22:00:16.093075823Z,2026-05-03T22:00:16.092777921Z,0,1,42005163,T,A,0,7278.500000000,1,0,12946,105464,MESM6
2026-05-03T22:00:16.140336711Z,2026-05-03T22:00:16.140000929Z,0,1,42005163,T,B,0,7279.000000000,1,0,13142,105537,MESM6
2026-05-03T22:00:16.140833428Z,2026-05-03T22:00:16.140573945Z,0,1,42005163,T,A,0,7278.750000000,1,0,11404,105542,MESM6
2026-05-03T22:00:16.143589022Z,2026-05-03T22:00:16.143217341Z,0,1,42005163,T,A,0,7278.250000000,3,0,12770,105550,MESM6
2026-05-03T22:00:16.227161342Z,2026-05-03T22:00:16.226756535Z,0,1,42005163,T,B,0,7278.750000000,1,0,12354,106168,MESM6
2026-05-03T22:00:16.276519086Z,2026-05-03T22:00:16.276211693Z,0,1,42005163,T,A,0,7278.500000000,1,0,12755,106497,MESM6
2026-05-03T22:00:16.290305579Z,2026-05-03T22:00:16.289980163Z,0,1,42003239,T,A,0,7333.500000000,1,0,12238,106562,MESU6
2026-05-03T22:00:16.290596328Z,2026-05-03T22:00:16.290303207Z,0,1,42005163,T,A,0,7278.500000000,1,0,12128,106564,MESM6
2026-05-03T22:00:16.325253918Z,2026-05-03T22:00:16.324938625Z,0,1,42005163,T,A,0,7278.500000000,2,0,12219,106576,MESM6
2026-05-03T22:00:16.339659482Z,2026-05-03T22:00:16.339386995Z,0,1,42005163,T,A,0,7278.250000000,1,0,13162,106601,MESM6
2026-05-03T22:00:16.363308883Z,2026-05-03T22:00:16.362994545Z,0,1,42005163,T,A,0,7278.500000000,2,0,12764,106802,MESM6
2026-05-03T22:00:16.367726075Z,2026-05-03T22:00:16.367402071Z,0,1,42005163,T,B,0,7278.750000000,1,0,12489,106970,MESM6
2026-05-03T22:00:16.387881547Z,2026-05-03T22:00:16.387580595Z,0,1,42005163,T,A,0,7278.250000000,1,0,12816,107138,MESM6
2026-05-03T22:00:16.405040132Z,2026-05-03T22:00:16.404712639Z,0,1,42005163,T,B,0,7278.750000000,1,0,13085,107223,MESM6
2026-05-03T22:00:16.409083345Z,2026-05-03T22:00:16.408763697Z,0,1,42005163,T,B,0,7279.000000000,1,0,12920,107368,MESM6
2026-05-03T22:00:16.424781041Z,2026-05-03T22:00:16.424482433Z,0,1,42005163,T,A,0,7278.250000000,1,0,12787,107542,MESM6
2026-05-03T22:00:16.438111962Z,2026-05-03T22:00:16.437680805Z,0,1,42005163,T,A,0,7278.500000000,2,0,12378,107587,MESM6
2026-05-03T22:00:16.438111962Z,2026-05-03T22:00:16.437680805Z,0,1,42005163,T,A,0,7278.250000000,1,0,12378,107587,MESM6
2026-05-03T22:00:16.497134903Z,2026-05-03T22:00:16.496807009Z,0,1,42005163,T,B,0,7278.750000000,1,0,12574,107888,MESM6
2026-05-03T22:00:16.498648341Z,2026-05-03T22:00:16.498372277Z,0,1,42005163,T,B,0,7278.750000000,1,0,12345,107893,MESM6
2026-05-03T22:00:16.562872695Z,2026-05-03T22:00:16.562460883Z,0,1,42005163,T,B,0,7279.000000000,3,0,12794,108022,MESM6
2026-05-03T22:00:16.562872695Z,2026-05-03T22:00:16.562460883Z,0,1,42005163,T,B,0,7279.250000000,1,0,12794,108022,MESM6
2026-05-03T22:00:16.657990292Z,2026-05-03T22:00:16.657680985Z,0,1,42005163,T,A,0,7278.250000000,1,0,12218,108589,MESM6
2026-05-03T22:00:16.674334036Z,2026-05-03T22:00:16.673904029Z,0,1,42005163,T,A,0,7278.250000000,1,0,13580,108613,MESM6
2026-05-03T22:00:16.674334036Z,2026-05-03T22:00:16.673904029Z,0,1,42005163,T,A,0,7278.000000000,1,0,13580,108613,MESM6
2026-05-03T22:00:16.765249165Z,2026-05-03T22:00:16.764953943Z,0,1,42005163,T,B,0,7278.750000000,2,0,12270,108734,MESM6
2026-05-03T22:00:16.835667830Z,2026-05-03T22:00:16.835329617Z,0,1,42005163,T,A,0,7278.250000000,3,0,12626,108873,MESM6
2026-05-03T22:00:16.937552981Z,2026-05-03T22:00:16.937211341Z,0,1,42005163,T,A,0,7278.250000000,1,0,12677,109054,MESM6
2026-05-03T22:00:16.977585255Z,2026-05-03T22:00:16.977254407Z,0,1,42005163,T,B,0,7278.750000000,2,0,12510,109064,MESM6
2026-05-03T22:00:16.977973075Z,2026-05-03T22:00:16.977617117Z,0,1,42005163,T,A,0,7278.750000000,6,0,12973,109068,MESM6
2026-05-03T22:00:17.105934814Z,2026-05-03T22:00:17.105667595Z,0,1,42005163,T,B,0,7278.500000000,1,0,12412,109303,MESM6
2026-05-03T22:00:17.318816137Z,2026-05-03T22:00:17.318437495Z,0,1,42005163,T,B,0,7278.750000000,1,0,12398,109424,MESM6
2026-05-03T22:00:17.319424592Z,2026-05-03T22:00:17.319134827Z,0,1,42005163,T,B,0,7278.750000000,1,0,12146,109430,MESM6
2026-05-03T22:00:17.341360026Z,2026-05-03T22:00:17.341052757Z,0,1,42005163,T,B,0,7279.000000000,1,0,12830,109441,MESM6
2026-05-03T22:00:17.344839998Z,2026-05-03T22:00:17.344531907Z,0,1,42005163,T,A,0,7278.250000000,1,0,13143,109443,MESM6
2026-05-03T22:00:17.356633028Z,2026-05-03T22:00:17.356342969Z,0,1,42005163,T,A,0,7278.500000000,1,0,12318,109541,MESM6
2026-05-03T22:00:17.420437520Z,2026-05-03T22:00:17.420113273Z,0,1,42005163,T,B,0,7278.750000000,1,0,12686,109604,MESM6
2026-05-03T22:00:17.474164022Z,2026-05-03T22:00:17.473839429Z,0,1,42005163,T,A,0,7278.250000000,1,0,12829,109856,MESM6
2026-05-03T22:00:17.598702189Z,2026-05-03T22:00:17.598457159Z,0,1,42005163,T,A,0,7278.250000000,1,0,12221,110066,MESM6
2026-05-03T22:00:17.730650444Z,2026-05-03T22:00:17.730349615Z,0,1,42005163,T,A,0,7278.250000000,6,0,12722,110141,MESM6
2026-05-03T22:00:17.731368563Z,2026-05-03T22:00:17.731051669Z,0,1,42005163,T,A,0,7278.250000000,1,0,12365,110157,MESM6
2026-05-03T22:00:17.749123528Z,2026-05-03T22:00:17.748845317Z,0,1,42005163,T,B,0,7278.750000000,1,0,12925,110231,MESM6
2026-05-03T22:00:17.804834052Z,2026-05-03T22:00:17.804509245Z,0,1,42005163,T,B,0,7278.750000000,1,0,14605,110269,MESM6
2026-05-03T22:00:17.896479732Z,2026-05-03T22:00:17.896183305Z,0,1,42005163,T,A,0,7278.250000000,1,0,12701,110317,MESM6
2026-05-03T22:00:17.916321281Z,2026-05-03T22:00:17.915972779Z,0,1,42005163,T,B,0,7278.750000000,1,0,13350,110337,MESM6
2026-05-03T22:00:18.062917350Z,2026-05-03T22:00:18.062604047Z,0,1,42005163,T,B,0,7278.750000000,1,0,12515,110749,MESM6
2026-05-03T22:00:18.133225036Z,2026-05-03T22:00:18.132841675Z,0,1,42005163,T,B,0,7278.750000000,1,0,12332,110872,MESM6
2026-05-03T22:00:18.229893636Z,2026-05-03T22:00:18.229556355Z,0,1,42005163,T,A,0,7278.250000000,1,0,12138,110990,MESM6
2026-05-03T22:00:18.251580267Z,2026-05-03T22:00:18.251161781Z,0,1,42005163,T,B,0,7278.750000000,2,0,12828,111059,MESM6
2026-05-03T22:00:18.251580267Z,2026-05-03T22:00:18.251161781Z,0,1,42005163,T,B,0,7279.000000000,4,0,12828,111059,MESM6
2026-05-03T22:00:18.252079134Z,2026-05-03T22:00:18.251829949Z,0,1,42005163,T,A,0,7278.500000000,1,0,12357,111065,MESM6
2026-05-03T22:00:18.319954236Z,2026-05-03T22:00:18.319682085Z,0,1,42005163,T,A,0,7278.250000000,1,0,12532,111245,MESM6
2026-05-03T22:00:18.433419972Z,2026-05-03T22:00:18.433123649Z,0,1,42005163,T,B,0,7278.750000000,1,0,12688,111420,MESM6
2026-05-03T22:00:18.640204727Z,2026-05-03T22:00:18.639855151Z,0,1,42005163,T,A,0,7278.250000000,1,0,13506,111530,MESM6
2026-05-03T22:00:18.758374451Z,2026-05-03T22:00:18.758041171Z,0,1,42003239,T,A,0,7333.500000000,1,0,12299,111630,MESU6
2026-05-03T22:00:18.758784291Z,2026-05-03T22:00:18.758518959Z,0,1,42005163,T,A,0,7278.250000000,1,0,12203,111634,MESM6
2026-05-03T22:00:18.855986913Z,2026-05-03T22:00:18.855623959Z,0,1,42005163,T,B,0,7278.500000000,1,0,12496,111873,MESM6
2026-05-03T22:00:18.889083014Z,2026-05-03T22:00:18.888749039Z,0,1,42005163,T,B,0,7278.750000000,1,0,12508,111880,MESM6
2026-05-03T22:00:18.916977607Z,2026-05-03T22:00:18.916691965Z,0,1,42005163,T,B,0,7278.750000000,1,0,12656,111887,MESM6
2026-05-03T22:00:19.225817679Z,2026-05-03T22:00:19.225524581Z,0,1,42005163,T,B,0,7278.750000000,1,0,12672,112624,MESM6
2026-05-03T22:00:19.356026307Z,2026-05-03T22:00:19.355717357Z,0,1,42005163,T,A,0,7278.000000000,1,0,12800,112802,MESM6
2026-05-03T22:00:19.546180063Z,2026-05-03T22:00:19.545898533Z,0,1,42005163,T,B,0,7278.750000000,1,0,12475,112999,MESM6
2026-05-03T22:00:19.596849655Z,2026-05-03T22:00:19.596499379Z,0,1,42005163,T,B,0,7278.750000000,3,0,12384,113280,MESM6
2026-05-03T22:00:19.729394182Z,2026-05-03T22:00:19.729100569Z,0,1,42005163,T,B,0,7278.750000000,1,0,12304,113549,MESM6
2026-05-03T22:00:19.772566755Z,2026-05-03T22:00:19.772267565Z,0,1,42005163,T,A,0,7278.250000000,1,0,12217,113557,MESM6
2026-05-03T22:00:19.880915196Z,2026-05-03T22:00:19.880677229Z,0,1,42005163,T,B,0,7278.750000000,1,0,12684,113647,MESM6
2026-05-03T22:00:19.912519930Z,2026-05-03T22:00:19.912252361Z,0,1,42005163,T,B,0,7278.750000000,1,0,12218,113703,MESM6
2026-05-03T22:00:20.005773269Z,2026-05-03T22:00:20.004624697Z,0,1,42005163,T,B,0,7278.750000000,1,0,15310,113798,MESM6
2026-05-03T22:00:20.025697437Z,2026-05-03T22:00:20.025339145Z,0,1,42005163,T,B,0,7279.000000000,2,0,12833,113891,MESM6
2026-05-03T22:00:20.104349511Z,2026-05-03T22:00:20.103563057Z,0,1,42005163,T,A,0,7278.500000000,1,0,12511,114045,MESM6
2026-05-03T22:00:20.158169369Z,2026-05-03T22:00:20.157895601Z,0,1,42005163,T,B,0,7278.750000000,2,0,12445,114136,MESM6
2026-05-03T22:00:20.218336532Z,2026-05-03T22:00:20.218080213Z,0,1,42005163,T,B,0,7278.750000000,1,0,12639,114160,MESM6
2026-05-03T22:00:20.232156604Z,2026-05-03T22:00:20.231769161Z,0,1,42005163,T,A,0,7278.500000000,1,0,12389,114163,MESM6
2026-05-03T22:00:20.232156604Z,2026-05-03T22:00:20.231769161Z,0,1,42005163,T,A,0,7278.250000000,3,0,12389,114163,MESM6
2026-05-03T22:00:20.232156604Z,2026-05-03T22:00:20.231769161Z,0,1,42005163,T,A,0,7278.000000000,16,0,12389,114163,MESM6
2026-05-03T22:00:20.342839175Z,2026-05-03T22:00:20.342598279Z,0,1,42005163,T,A,0,7278.000000000,1,0,13233,114283,MESM6
2026-05-03T22:00:20.454517561Z,2026-05-03T22:00:20.454245473Z,0,1,42005163,T,B,0,7278.500000000,2,0,12459,114320,MESM6
2026-05-03T22:00:20.456797615Z,2026-05-03T22:00:20.456542553Z,0,1,42005163,T,B,0,7278.500000000,1,0,12999,114357,MESM6
2026-05-03T22:00:20.583823241Z,2026-05-03T22:00:20.583532219Z,0,1,42005163,T,A,0,7278.000000000,1,0,12117,114419,MESM6
2026-05-03T22:00:20.685932254Z,2026-05-03T22:00:20.685671827Z,0,1,42005163,T,B,0,7278.500000000,1,0,12583,114565,MESM6
2026-05-03T22:00:20.740377755Z,2026-05-03T22:00:20.740058511Z,0,1,42005163,T,B,0,7278.500000000,1,0,12360,114585,MESM6
2026-05-03T22:00:20.820141099Z,2026-05-03T22:00:20.819838571Z,0,1,42005163,T,A,0,7278.000000000,23,0,69456,114633,MESM6
2026-05-03T22:00:20.958871467Z,2026-05-03T22:00:20.958602107Z,0,1,42005163,T,B,0,7278.500000000,1,0,12565,114922,MESM6
2026-05-03T22:00:20.963404177Z,2026-05-03T22:00:20.963162057Z,0,1,42005163,T,A,0,7278.000000000,1,0,12096,114959,MESM6
2026-05-03T22:00:20.985566123Z,2026-05-03T22:00:20.985306095Z,0,1,42005163,T,B,0,7278.500000000,1,0,11529,114982,MESM6
2026-05-03T22:00:21.005363499Z,2026-05-03T22:00:21.005079959Z,0,1,42005163,T,B,0,7278.500000000,1,0,12171,114987,MESM6
2026-05-03T22:00:21.104762404Z,2026-05-03T22:00:21.104512467Z,0,1,42005163,T,A,0,7277.750000000,1,0,12737,115168,MESM6
2026-05-03T22:00:21.153939222Z,2026-05-03T22:00:21.153660669Z,0,1,42005163,T,B,0,7278.250000000,1,0,12500,115948,MESM6
2026-05-03T22:00:21.271605556Z,2026-05-03T22:00:21.271322279Z,0,1,42005163,T,A,0,7277.750000000,4,0,12135,116181,MESM6
2026-05-03T22:00:21.300401444Z,2026-05-03T22:00:21.300119047Z,0,1,42005163,T,A,0,7278.000000000,1,0,12086,116217,MESM6
2026-05-03T22:00:21.333778982Z,2026-05-03T22:00:21.333454281Z,0,1,42005163,T,B,0,7278.250000000,2,0,12287,116358,MESM6
2026-05-03T22:00:21.503030182Z,2026-05-03T22:00:21.502743047Z,0,1,42005163,T,B,0,7278.250000000,1,0,12541,116484,MESM6
2026-05-03T22:00:21.532355290Z,2026-05-03T22:00:21.531936987Z,0,1,42005163,T,B,0,7278.250000000,3,0,11697,116495,MESM6
2026-05-03T22:00:21.744421255Z,2026-05-03T22:00:21.744177565Z,0,1,42005163,T,B,0,7278.250000000,1,0,12548,116590,MESM6
2026-05-03T22:00:21.838131076Z,2026-05-03T22:00:21.837882893Z,0,1,42005163,T,B,0,7278.250000000,1,0,12282,116607,MESM6
2026-05-03T22:00:21.895345326Z,2026-05-03T22:00:21.895065221Z,0,1,42005163,T,B,0,7278.250000000,1,0,12667,116655,MESM6
2026-05-03T22:00:21.902165836Z,2026-05-03T22:00:21.901913285Z,0,1,42005163,T,A,0,7277.500000000,2,0,14107,116658,MESM6
2026-05-03T22:00:21.908453309Z,2026-05-03T22:00:21.908152487Z,0,1,42005163,T,A,0,7277.500000000,3,0,12605,116661,MESM6
2026-05-03T22:00:21.908694852Z,2026-05-03T22:00:21.908446005Z,0,1,42005163,T,A,0,7277.500000000,1,0,12287,116663,MESM6
2026-05-03T22:00:21.909584054Z,2026-05-03T22:00:21.909313709Z,0,1,42005163,T,B,0,7278.000000000,2,0,12376,116680,MESM6
2026-05-03T22:00:21.909680855Z,2026-05-03T22:00:21.909357617Z,0,1,42005163,T,B,0,7278.000000000,2,0,12394,116682,MESM6
2026-05-03T22:00:21.934603923Z,2026-05-03T22:00:21.934181929Z,0,1,42005163,T,A,0,7277.500000000,2,0,12331,116745,MESM6
2026-05-03T22:00:21.981416116Z,2026-05-03T22:00:21.981154157Z,0,1,42005163,T,A,0,7277.250000000,1,0,12555,116799,MESM6
2026-05-03T22:00:22.064753503Z,2026-05-03T22:00:22.064443571Z,0,1,42005163,T,A,0,7277.250000000,2,0,12255,116858,MESM6
2026-05-03T22:00:22.071595777Z,2026-05-03T22:00:22.071331127Z,0,1,42005163,T,A,0,7277.750000000,1,0,12336,116866,MESM6
2026-05-03T22:00:22.194231845Z,2026-05-03T22:00:22.193953277Z,0,1,42005163,T,A,0,7277.500000000,1,0,12486,116918,MESM6
2026-05-03T22:00:22.198754053Z,2026-05-03T22:00:22.198515127Z,0,1,42005163,T,B,0,7278.000000000,1,0,11801,116928,MESM6
2026-05-03T22:00:22.471154840Z,2026-05-03T22:00:22.470477061Z,0,1,42005163,T,B,0,7278.000000000,2,0,13521,117004,MESM6
2026-05-03T22:00:22.471154840Z,2026-05-03T22:00:22.470477061Z,0,1,42005163,T,B,0,7278.250000000,3,0,13521,117004,MESM6
2026-05-03T22:00:22.471154840Z,2026-05-03T22:00:22.470477061Z,0,1,42005163,T,B,0,7278.500000000,10,0,13521,117004,MESM6
2026-05-03T22:00:22.471154840Z,2026-05-03T22:00:22.470477061Z,0,1,42005163,T,B,0,7278.750000000,5,0,13521,117004,MESM6
2026-05-03T22:00:22.484060964Z,2026-05-03T22:00:22.483761559Z,0,1,42005163,T,A,0,7277.750000000,1,0,12426,117065,MESM6
2026-05-03T22:00:22.576872015Z,2026-05-03T22:00:22.576621493Z,0,1,42005163,T,A,0,7278.250000000,1,0,12485,117254,MESM6
2026-05-03T22:00:22.613237511Z,2026-05-03T22:00:22.612952617Z,0,1,42005163,T,A,0,7278.000000000,1,0,12574,118181,MESM6
2026-05-03T22:00:22.655293435Z,2026-05-03T22:00:22.655038683Z,0,1,42005163,T,A,0,7278.000000000,1,0,12263,118246,MESM6
2026-05-03T22:00:22.772955710Z,2026-05-03T22:00:22.772698645Z,0,1,42005163,T,A,0,7278.000000000,1,0,12892,118315,MESM6
2026-05-03T22:00:23.057250067Z,2026-05-03T22:00:23.056974391Z,0,1,42005163,T,A,0,7278.000000000,1,0,12580,118399,MESM6
2026-05-03T22:00:23.059346252Z,2026-05-03T22:00:23.059088639Z,0,1,42005163,T,B,0,7278.500000000,1,0,13356,118407,MESM6
2026-05-03T22:00:23.122838417Z,2026-05-03T22:00:23.122533861Z,0,1,42005163,T,B,0,7278.500000000,1,0,13066,118496,MESM6
2026-05-03T22:00:23.144134159Z,2026-05-03T22:00:23.143825631Z,0,1,42005163,T,A,0,7277.750000000,1,0,12531,118644,MESM6
2026-05-03T22:00:23.145791532Z,2026-05-03T22:00:23.145174927Z,0,1,42005163,T,B,0,7278.500000000,1,0,12304,118662,MESM6
2026-05-03T22:00:23.146252172Z,2026-05-03T22:00:23.145300487Z,0,1,42005163,T,B,0,7278.500000000,1,0,13899,118667,MESM6
2026-05-03T22:00:23.146815318Z,2026-05-03T22:00:23.145524159Z,0,1,42005163,T,B,0,7278.500000000,1,0,12536,118672,MESM6
2026-05-03T22:00:23.306776355Z,2026-05-03T22:00:23.306461417Z,0,1,42005163,T,A,0,7278.250000000,1,0,12304,119269,MESM6
2026-05-03T22:00:23.375792806Z,2026-05-03T22:00:23.375488925Z,0,1,42005163,T,B,0,7279.000000000,3,0,12371,119366,MESM6
2026-05-03T22:00:23.524760347Z,2026-05-03T22:00:23.524483647Z,0,1,42005163,T,A,0,7278.250000000,1,0,12265,119476,MESM6
2026-05-03T22:00:23.590865172Z,2026-05-03T22:00:23.590586587Z,0,1,42005163,T,A,0,7278.250000000,1,0,12639,119511,MESM6
2026-05-03T22:00:23.876221366Z,2026-05-03T22:00:23.875911013Z,0,1,42005163,T,B,0,7279.000000000,1,0,12295,119948,MESM6
2026-05-03T22:00:23.958938547Z,2026-05-03T22:00:23.958705283Z,0,1,42005163,T,B,0,7279.000000000,1,0,12879,120068,MESM6
2026-05-03T22:00:24.131817444Z,2026-05-03T22:00:24.131518915Z,0,1,42005163,T,B,0,7278.750000000,3,0,12253,120182,MESM6
2026-05-03T22:00:24.180632393Z,2026-05-03T22:00:24.180385887Z,0,1,42005163,T,B,0,7279.000000000,1,0,12698,120246,MESM6
2026-05-03T22:00:24.191126449Z,2026-05-03T22:00:24.190542117Z,0,1,42005163,T,A,0,7278.750000000,2,0,12453,120249,MESM6
2026-05-03T22:00:24.191126449Z,2026-05-03T22:00:24.190542117Z,0,1,42005163,T,A,0,7278.500000000,4,0,12453,120249,MESM6
2026-05-03T22:00:24.191126449Z,2026-05-03T22:00:24.190542117Z,0,1,42005163,T,A,0,7278.250000000,4,0,12453,120249,MESM6
2026-05-03T22:00:24.248988445Z,2026-05-03T22:00:24.248727563Z,0,1,42005163,T,A,0,7278.500000000,1,0,13184,120332,MESM6
2026-05-03T22:00:24.297650377Z,2026-05-03T22:00:24.297024493Z,0,1,42005163,T,B,0,7279.000000000,6,0,12950,120364,MESM6
2026-05-03T22:00:24.297650377Z,2026-05-03T22:00:24.297024493Z,0,1,42005163,T,B,0,7279.250000000,4,0,12950,120364,MESM6
2026-05-03T22:00:24.297650377Z,2026-05-03T22:00:24.297024493Z,0,1,42005163,T,B,0,7279.500000000,10,0,12950,120364,MESM6
2026-05-03T22:00:24.298068588Z,2026-05-03T22:00:24.297789983Z,0,1,42005163,T,A,0,7279.000000000,4,0,12628,120377,MESM6
2026-05-03T22:00:24.365677820Z,2026-05-03T22:00:24.365363847Z,0,1,42005163,T,A,0,7278.750000000,1,0,13482,120462,MESM6
2026-05-03T22:00:24.365677820Z,2026-05-03T22:00:24.365363847Z,0,1,42005163,T,A,0,7278.500000000,1,0,13482,120462,MESM6
2026-05-03T22:00:24.377850118Z,2026-05-03T22:00:24.377393009Z,0,1,42005163,T,B,0,7279.000000000,3,0,11661,120482,MESM6
2026-05-03T22:00:24.377850118Z,2026-05-03T22:00:24.377393009Z,0,1,42005163,T,B,0,7279.500000000,6,0,11661,120482,MESM6
2026-05-03T22:00:24.380466308Z,2026-05-03T22:00:24.379996083Z,0,1,42005163,T,A,0,7278.500000000,1,0,12186,120500,MESM6
2026-05-03T22:00:24.392194035Z,2026-05-03T22:00:24.391897749Z,0,1,42005163,T,B,0,7279.000000000,4,0,12889,120572,MESM6
2026-05-03T22:00:24.585742719Z,2026-05-03T22:00:24.585417115Z,0,1,42005163,T,B,0,7279.000000000,1,0,12566,120742,MESM6
2026-05-03T22:00:24.818760653Z,2026-05-03T22:00:24.818432641Z,0,1,42005163,T,A,0,7278.500000000,4,0,12381,120805,MESM6
2026-05-03T22:00:24.881722809Z,2026-05-03T22:00:24.881409541Z,0,1,42005163,T,B,0,7279.000000000,2,0,12559,120830,MESM6
2026-05-03T22:00:24.892954742Z,2026-05-03T22:00:24.892678359Z,0,1,42005163,T,A,0,7278.500000000,2,0,12718,120836,MESM6
2026-05-03T22:00:25.050193236Z,2026-05-03T22:00:25.049654049Z,0,1,42005163,T,A,0,7278.500000000,1,0,11039,120892,MESM6
2026-05-03T22:00:25.050826804Z,2026-05-03T22:00:25.049749295Z,0,1,42005163,T,A,0,7278.500000000,1,0,12389,120903,MESM6
2026-05-03T22:00:25.068230505Z,2026-05-03T22:00:25.067870345Z,0,1,42005163,T,B,0,7278.750000000,3,0,12649,121021,MESM6
2026-05-03T22:00:25.068709770Z,2026-05-03T22:00:25.068438793Z,0,1,42005163,T,A,0,7278.500000000,1,0,12186,121032,MESM6
2026-05-03T22:00:25.142170963Z,2026-05-03T22:00:25.141871677Z,0,1,42005163,T,A,0,7278.250000000,1,0,13106,121092,MESM6
2026-05-03T22:00:25.143480237Z,2026-05-03T22:00:25.143211143Z,0,1,42005163,T,A,0,7278.250000000,1,0,12238,121100,MESM6
2026-05-03T22:00:25.223231234Z,2026-05-03T22:00:25.222948391Z,0,1,42005163,T,B,0,7278.750000000,3,0,12898,121138,MESM6
2026-05-03T22:00:25.329437619Z,2026-05-03T22:00:25.329152379Z,0,1,42005163,T,A,0,7278.250000000,3,0,12309,121214,MESM6
2026-05-03T22:00:25.334907702Z,2026-05-03T22:00:25.334646079Z,0,1,42005163,T,A,0,7278.000000000,1,0,13262,121291,MESM6
2026-05-03T22:00:25.358848545Z,2026-05-03T22:00:25.358508533Z,0,1,42005163,T,A,0,7278.000000000,3,0,12783,121301,MESM6
2026-05-03T22:00:25.377453238Z,2026-05-03T22:00:25.377237735Z,0,1,42005163,T,A,0,7278.000000000,1,0,12078,121307,MESM6
2026-05-03T22:00:25.461787276Z,2026-05-03T22:00:25.461531783Z,0,1,42005163,T,B,0,7278.500000000,1,0,12813,121366,MESM6
2026-05-03T22:00:25.473298266Z,2026-05-03T22:00:25.472979403Z,0,1,42005163,T,B,0,7278.500000000,1,0,12446,121370,MESM6
2026-05-03T22:00:25.489168407Z,2026-05-03T22:00:25.488900347Z,0,1,42005163,T,B,0,7278.750000000,1,0,12190,121419,MESM6
2026-05-03T22:00:25.537543375Z,2026-05-03T22:00:25.537276859Z,0,1,42005163,T,A,0,7278.000000000,1,0,12698,121440,MESM6
2026-05-03T22:00:25.794097289Z,2026-05-03T22:00:25.793667797Z,0,1,42005163,T,A,0,7278.250000000,3,0,12368,121637,MESM6
2026-05-03T22:00:25.949158674Z,2026-05-03T22:00:25.948870253Z,0,1,42005163,T,B,0,7278.500000000,2,0,13161,121812,MESM6
2026-05-03T22:00:25.949429515Z,2026-05-03T22:00:25.949177269Z,0,1,42005163,T,A,0,7278.500000000,4,0,12463,121815,MESM6
2026-05-03T22:00:25.984247551Z,2026-05-03T22:00:25.983983213Z,0,1,42005163,T,B,0,7278.750000000,2,0,12518,121952,MESM6
2026-05-03T22:00:26.079533851Z,2026-05-03T22:00:26.079140863Z,0,1,42005163,T,A,0,7278.000000000,3,0,12654,122224,MESM6
2026-05-03T22:00:26.234563977Z,2026-05-03T22:00:26.234288601Z,0,1,42005163,T,A,0,7277.750000000,1,0,13150,122599,MESM6
2026-05-03T22:00:26.454080905Z,2026-05-03T22:00:26.453745545Z,0,1,42005163,T,A,0,7277.750000000,1,0,12612,122697,MESM6
2026-05-03T22:00:26.454080905Z,2026-05-03T22:00:26.453745545Z,0,1,42005163,T,A,0,7277.500000000,1,0,12612,122697,MESM6
2026-05-03T22:00:26.522458739Z,2026-05-03T22:00:26.522165495Z,0,1,42005163,T,A,0,7277.500000000,3,0,12539,122754,MESM6
2026-05-03T22:00:26.700366267Z,2026-05-03T22:00:26.700083469Z,0,1,42005163,T,A,0,7277.500000000,1,0,12833,123042,MESM6
2026-05-03T22:00:26.854594385Z,2026-05-03T22:00:26.854338449Z,0,1,42005163,T,A,0,7277.500000000,1,0,12768,123098,MESM6
2026-05-03T22:00:26.912342612Z,2026-05-03T22:00:26.911992503Z,0,1,42005163,T,A,0,7277.250000000,1,0,76020,123128,MESM6
2026-05-03T22:00:27.074347004Z,2026-05-03T22:00:27.074032981Z,0,1,42005163,T,B,0,7278.000000000,3,0,12865,123354,MESM6
2026-05-03T22:00:27.082205076Z,2026-05-03T22:00:27.081948537Z,0,1,42005163,T,A,0,7277.500000000,1,0,12569,123362,MESM6
2026-05-03T22:00:27.200571152Z,2026-05-03T22:00:27.200057471Z,0,1,42005163,T,A,0,7277.500000000,1,0,13203,123417,MESM6
2026-05-03T22:00:27.225772350Z,2026-05-03T22:00:27.225440479Z,0,1,42005163,T,B,0,7277.750000000,1,0,12494,123464,MESM6
2026-05-03T22:00:27.288164539Z,2026-05-03T22:00:27.287592795Z,0,1,42005163,T,B,0,7277.750000000,1,0,13399,123496,MESM6
2026-05-03T22:00:27.288164539Z,2026-05-03T22:00:27.287592795Z,0,1,42005163,T,B,0,7278.000000000,7,0,13399,123496,MESM6
2026-05-03T22:00:27.288164539Z,2026-05-03T22:00:27.287592795Z,0,1,42005163,T,B,0,7278.250000000,12,0,13399,123496,MESM6
2026-05-03T22:00:27.385280963Z,2026-05-03T22:00:27.385012047Z,0,1,42005163,T,A,0,7277.500000000,1,0,12181,123534,MESM6
2026-05-03T22:00:27.481948898Z,2026-05-03T22:00:27.481674583Z,0,1,42005163,T,A,0,7277.500000000,1,0,12258,123774,MESM6
2026-05-03T22:00:27.703482972Z,2026-05-03T22:00:27.703211617Z,0,1,42005163,T,A,0,7277.250000000,1,0,12594,123850,MESM6
2026-05-03T22:00:27.768051642Z,2026-05-03T22:00:27.767783369Z,0,1,42005163,T,B,0,7277.750000000,1,0,12522,123871,MESM6
2026-05-03T22:00:27.838715302Z,2026-05-03T22:00:27.838265441Z,0,1,42005163,T,B,0,7277.750000000,4,0,13348,123901,MESM6
2026-05-03T22:00:27.838715302Z,2026-05-03T22:00:27.838265441Z,0,1,42005163,T,B,0,7278.000000000,2,0,13348,123901,MESM6
2026-05-03T22:00:28.153201353Z,2026-05-03T22:00:28.152843305Z,0,1,42005163,T,A,0,7277.250000000,4,0,12329,124115,MESM6
2026-05-03T22:00:28.172838687Z,2026-05-03T22:00:28.172599103Z,0,1,42005163,T,A,0,7277.250000000,1,0,12210,124123,MESM6
2026-05-03T22:00:28.235257234Z,2026-05-03T22:00:28.235003293Z,0,1,42005163,T,A,0,7277.250000000,6,0,12472,124147,MESM6
2026-05-03T22:00:28.330737843Z,2026-05-03T22:00:28.330364221Z,0,1,42005163,T,B,0,7277.500000000,2,0,12895,124204,MESM6
2026-05-03T22:00:28.330737843Z,2026-05-03T22:00:28.330364221Z,0,1,42005163,T,B,0,7277.750000000,1,0,12895,124204,MESM6
2026-05-03T22:00:28.606728583Z,2026-05-03T22:00:28.606314801Z,0,1,42005163,T,A,0,7277.250000000,2,0,12720,124592,MESM6
2026-05-03T22:00:28.606747916Z,2026-05-03T22:00:28.606314801Z,0,1,42005163,T,A,0,7277.000000000,8,0,14987,124593,MESM6
2026-05-03T22:00:28.667798011Z,2026-05-03T22:00:28.667496445Z,0,1,42005163,T,A,0,7277.000000000,1,0,12247,124690,MESM6
2026-05-03T22:00:28.831946563Z,2026-05-03T22:00:28.831668183Z,0,1,42005163,T,B,0,7277.500000000,1,0,12472,124878,MESM6
2026-05-03T22:00:28.902679420Z,2026-05-03T22:00:28.902373405Z,0,1,42005163,T,B,0,7277.500000000,1,0,12650,124890,MESM6
2026-05-03T22:00:28.925904737Z,2026-05-03T22:00:28.925563947Z,0,1,42005163,T,B,0,7277.500000000,3,0,12701,124902,MESM6
2026-05-03T22:00:29.329945513Z,2026-05-03T22:00:29.329677357Z,0,1,42005163,T,B,0,7277.500000000,1,0,12257,124983,MESM6
2026-05-03T22:00:29.347495700Z,2026-05-03T22:00:29.346914805Z,0,1,42005163,T,B,0,7277.500000000,1,0,12841,125075,MESM6
2026-05-03T22:00:29.347495700Z,2026-05-03T22:00:29.346914805Z,0,1,42005163,T,B,0,7277.750000000,7,0,12841,125075,MESM6
2026-05-03T22:00:29.347495700Z,2026-05-03T22:00:29.346914805Z,0,1,42005163,T,B,0,7278.000000000,12,0,12841,125075,MESM6
2026-05-03T22:00:29.368840895Z,2026-05-03T22:00:29.368569495Z,0,1,42005163,T,B,0,7277.750000000,1,0,12165,125100,MESM6
2026-05-03T22:00:29.390298924Z,2026-05-03T22:00:29.390012667Z,0,1,42005163,T,A,0,7277.000000000,1,0,12508,125131,MESM6
2026-05-03T22:00:29.450215020Z,2026-05-03T22:00:29.449941473Z,0,1,42005163,T,A,0,7277.000000000,1,0,12471,125139,MESM6
2026-05-03T22:00:29.742797001Z,2026-05-03T22:00:29.742514147Z,0,1,42005163,T,A,0,7277.500000000,1,0,12242,125445,MESM6
2026-05-03T22:00:30.254491448Z,2026-05-03T22:00:30.254200135Z,0,1,42005163,T,A,0,7277.250000000,1,0,13094,125674,MESM6
2026-05-03T22:00:30.341193219Z,2026-05-03T22:00:30.340872037Z,0,1,42005163,T,A,0,7277.250000000,1,0,12427,125689,MESM6
2026-05-03T22:00:30.368832863Z,2026-05-03T22:00:30.367753787Z,0,1,42005163,T,B,0,7277.750000000,3,0,14817,125719,MESM6
2026-05-03T22:00:30.457093191Z,2026-05-03T22:00:30.456871541Z,0,1,42005163,T,B,0,7278.000000000,1,0,12329,125888,MESM6
2026-05-03T22:00:30.515084340Z,2026-05-03T22:00:30.514801889Z,0,1,42005163,T,A,0,7277.500000000,1,0,12491,125958,MESM6
2026-05-03T22:00:30.563563633Z,2026-05-03T22:00:30.563274895Z,0,1,42005163,T,A,0,7277.500000000,1,0,13337,126008,MESM6
2026-05-03T22:00:30.584650143Z,2026-05-03T22:00:30.584390221Z,0,1,42005163,T,A,0,7277.500000000,1,0,12138,126023,MESM6
2026-05-03T22:00:30.674280166Z,2026-05-03T22:00:30.674031421Z,0,1,42005163,T,B,0,7278.000000000,1,0,12126,126054,MESM6
2026-05-03T22:00:30.707591677Z,2026-05-03T22:00:30.707269891Z,0,1,42005163,T,B,0,7278.000000000,1,0,79714,126058,MESM6
2026-05-03T22:00:30.727081175Z,2026-05-03T22:00:30.726869543Z,0,1,42005163,T,B,0,7278.000000000,1,0,12307,126064,MESM6
2026-05-03T22:00:30.730893347Z,2026-05-03T22:00:30.730635031Z,0,1,42005163,T,A,0,7277.500000000,1,0,12517,126066,MESM6
2026-05-03T22:00:30.774300017Z,2026-05-03T22:00:30.773560091Z,0,1,42005163,T,A,0,7277.500000000,2,0,12486,126074,MESM6
2026-05-03T22:00:30.775149361Z,2026-05-03T22:00:30.773901653Z,0,1,42005163,T,B,0,7277.750000000,3,0,12280,126101,MESM6
2026-05-03T22:00:30.920727747Z,2026-05-03T22:00:30.920461061Z,0,1,42005163,T,A,0,7277.500000000,2,0,12299,126232,MESM6
2026-05-03T22:00:31.012754326Z,2026-05-03T22:00:31.012489423Z,0,1,42005163,T,A,0,7277.250000000,1,0,12198,126541,MESM6
2026-05-03T22:00:31.096555654Z,2026-05-03T22:00:31.096239653Z,0,1,42005163,T,B,0,7277.750000000,1,0,12495,126557,MESM6
2026-05-03T22:00:31.096825399Z,2026-05-03T22:00:31.096564443Z,0,1,42005163,T,A,0,7277.250000000,2,0,12459,126559,MESM6
2026-05-03T22:00:31.156656835Z,2026-05-03T22:00:31.156337795Z,0,1,42005163,T,B,0,7277.750000000,1,0,12816,126586,MESM6
2026-05-03T22:00:31.156656835Z,2026-05-03T22:00:31.156337795Z,0,1,42005163,T,B,0,7278.000000000,1,0,12816,126586,MESM6
2026-05-03T22:00:31.158798214Z,2026-05-03T22:00:31.158469859Z,0,1,42005163,T,B,0,7277.750000000,1,0,12836,126635,MESM6
2026-05-03T22:00:31.338582465Z,2026-05-03T22:00:31.337696597Z,0,1,42005163,T,B,0,7278.000000000,14,0,12715,126828,MESM6
2026-05-03T22:00:31.341775489Z,2026-05-03T22:00:31.339486667Z,0,1,42005163,T,A,0,7277.750000000,1,0,12716,126878,MESM6
2026-05-03T22:00:31.367058382Z,2026-05-03T22:00:31.366787439Z,0,1,42005163,T,A,0,7277.750000000,1,0,13556,127123,MESM6
